3414 5193
1562 481 2022 539 -150—

615 651 913 710 Antonini
946 648 1024 726 (p.
1057 652 1202 723 321)
1233 650 1488 727 legimus
1519 651 1693 709 haec:
1741 650 2080 722 „Porsulae‚
2112 650 2271 728 quod
2301 651 2506 710 modo:
2555 650 2959 710 Maximiano-

614 735 824 814 polis“
913 736 1032 795 Illa
1076 745 1266 796 aetate
1309 735 1506 814 igitur,
1552 756 1673 813 qua
1718 737 2089 795 itinerarium
2123 736 2422 795 Antonini
2467 735 2804 796 confectum
2851 747 2956 808 est,

615 822 739 881 scil.
840 822 1213 881 Diocletiano
1268 822 1621 895 imperante,
1682 821 1969 901 oppidum
2025 823 2200 880 etiam
2250 821 2614 893 ⁷„Porsulae“
2660 822 2955 894 audiebat,

616 907 802 985 paulo
852 918 984 986 post
1030 919 1225 966 autem
1264 907 1876 985 ‚,Maximianopolis·‘
1918 927 2138 966 nomen
2185 908 2436 984 accepit,
2483 918 2548 965 ut
2593 917 2841 986 apparet
2884 927 2958 966 ex

617 992 862 1052 adiectis
893 992 1116 1052 verbis:
1158 992 1352 1071 „quod
1384 992 1558 1051 modo
1594 993 2121 1070 Maximianopolis
2144 999 2177 1024 “
2220 992 2501 1052 Galerius
2531 993 2957 1064 Maximianus

616 1078 719 1157 qui
750 1080 887 1137 item
935 1078 1431 1156 Antoninopolim
1491 1104 1541 1128 :⁴
1608 1077 1815 1138 Telam
1863 1099 1936 1136 ex
1983 1099 2046 1137 se
2088 1078 2724 1152 ‚‚Maximianopolim“
2770 1079 2958 1137 nomi·

615 1165 803 1234 navit,
851 1163 1120 1223 Porsulis
1176 1173 1590 1242 quoquepost
1634 1184 1863 1222 annum
1930 1165 2051 1222 305
2106 1163 2261 1222 illud
2305 1183 2526 1223 nomen
2572 1164 2806 1224 videtur
2848 1165 2957 1221 im-

617 1251 899 1324 posuisse,
945 1249 1104 1327 quod
1150 1249 1312 1327 apud
1358 1249 1666 1308 Romanos
1711 1269 1941 1327 semper
1983 1250 2269 1311 usitatum
2315 1259 2457 1309 erat.

1503 1440 2094 1537 Pamphylia.
2206 1457 2207 1460 ’

911 1593 1051 1655 199.
1106 1592 1600 1656 Ormeleis
1653 1620 1727 1647 :
1780 1593 2690 1677 Maximianopolis

748 1716 1040 1777 Ormeleis
1087 1717 1181 1776 vel
1216 1716 1456 1777 Ormele
1500 1718 1801 1797 oppidum,
1847 1718 2006 1796 quod
2054 1739 2089 1778 a
2121 1717 2343 1796 Cibyra
2387 1719 2450 1775 in
2484 1718 2959 1797 septemtrionem

619 1814 676 1863 et
722 1804 780 1861 in
828 1802 1111 1862 orientem
1162 1802 1456 1880 vergebat,
1475 1806 1516 1879 1)
1585 1824 1620 1862 a
1665 1803 2045 1864 Maximiano
2091 1802 2333 1863 Galerio
2379 1814 2513 1880 post
2559 1823 2788 1862 annum
2841 1803 2961 1862 305

619 1888 1220 1967 „Maximianopolis“
1264 1897 1544 1948 vocatum
1589 1898 1691 1960 est,
1738 1889 1898 1967 quod
1944 1909 2158 1948 nomen
2201 1889 2363 1967 apud
2396 1889 2737 1949 Hieroclem
2774 1889 2969 1965 (681),

619 1973 940 2051 Georgium
1018 1974 1306 2051 Cyprium
1384 1975 1581 2051 (440),
1663 1976 1724 2033 in
1808 1985 2046 2053 patrum
2120 1975 2530 2035 Nicaenorum
2619 1973 2962 2033 nominibus

620 2059 702 2134 (V
740 2065 874 2131 158,
927 2059 1083 2118 VIII
1120 2061 1255 2130 162,
1302 2058 1491 2134 alibi),
1548 2061 1611 2118 in
1660 2061 1886 2119 notitiis
1931 2062 2380 2139 episcopatuum
2428 2060 2553 2132 (ΙΙΙ
2587 2063 2730 2131 396,
2794 2058 2962 2136 alibi)

621 2157 1147 2221 commemoratur,
1215 2145 1398 2223 igitur
1463 2156 1628 2204 sexto
1697 2155 1876 2223 atque
1941 2147 2190 2225 septimo
2253 2145 2503 2205 saeculis
2561 2147 2741 2205 etiam
2797 2164 2964 2203 usur-

622 2230 893 2310 pabatur.

1516 2348 2109 2418 Palaestina.

1240 2488 1387 2551 200.
1439 2488 2347 2576 Maximianopolis,

755 2614 1308 2692 Maximianopolis
1376 2615 1530 2674 inter
1573 2616 1927 2676 Caesaream
1988 2617 2399 2677 Palaestinam
2447 2625 2505 2677 et
2557 2615 2969 2695 Scythopolim

622 2700 846 2779 oppida
910 2701 1048 2770 sita,
1122 2700 1262 2758 item
1321 2710 1498 2778 atque
1559 2702 2319 2783 Maximianopolis-Tela,
2395 2723 2431 2762 a
2491 2701 2736 2763 Galerio
2814 2701 2968 2759 illud

620 2805 841 2844 nomen
913 2786 1165 2865 accepit,
1242 2806 1377 2844 curn
1454 2797 1628 2847 antea
1700 2788 2311 2859 „Hadat-Rimmon“
2385 2788 2812 2865 (Hieronymus
2891 2786 2968 2846 ad

622 2870 867 2930 Zachar.
908 2875 1006 2950 12)
1040 2870 1287 2931 audiret.
1342 2872 1880 2953 Maximianopolis
1911 2883 2409 2933 commemoratur
2440 2873 2602 2953 apud
2632 2871 2968 2932 Hieroclem

623 2958 814 3031 (586),
858 2957 1303 3033 Hieronymum
1349 2957 1408 3033 (l.
1440 2962 1528 3033 c.),
1573 2958 1903 3038 Georgium
1935 2959 2223 3039 Cyprium
2269 2960 2502 3035 (1034),
2548 2960 2613 3017 in
2655 2957 2968 3017 itineribus

620 3042 1191 3121 Hierosolymitanis
1267 3045 1505 3119 (19‚19;
1581 3045 1718 3116 27,1
1781 3045 2029 3121 Geyer),
2103 3046 2170 3103 in
2244 3054 2482 3124 patrum
2560 3044 2969 3103 Nicaenorum

624 3127 967 3187 nominibus
1014 3128 1100 3205 (V
1149 3131 1245 3200 22,
1293 3129 1323 3188 Ι
1371 3130 1471 3201 30,
1520 3128 1705 3202 alibi),
1774 3130 1837 3188 in
1884 3131 2111 3190 notitiis
2157 3132 2609 3210 episcopatuum
2659 3130 2741 3207 (V
2796 3127 2973 3206 115);

623 3212 775 3271 illud
821 3233 1037 3272 nomen
1089 3213 1269 3291 igitur
1313 3215 1476 3293 apud
1521 3215 1828 3275 Romanos
1874 3236 2105 3295 semper
2149 3216 2397 3295 volgare
2439 3226 2582 3275 erat.

1544 3413 2064 3501 Remmius.

849 3552 996 3618 201.
1049 3550 1939 3641 Maximianopolis
1996 3588 2059 3613 a:
2121 3553 2744 3640 Caenepolis.

689 3738 692 3739 γ
752 3678 1305 3756 Maximianopolis
1369 3702 1525 3759 quae
1577 3682 1641 3740 in
1684 3682 1994 3743 Thebaide
2049 3681 2126 3741 ad
2173 3679 2385 3740 Nilum
2432 3681 2589 3738 intra
2634 3677 2869 3756 Copton
2921 3685 2979 3735 et

622 3766 949 3841 Tentyram
1006 3761 1122 3820 sita
1173 3774 1312 3837 erat,
1336 3769 1381 3844 2)
1447 3777 1626 3827 antea
1684 3767 2115 3847 ‚,Caenepolis“
2172 3766 2475 3827 audiebat.
2568 3762 2979 3823 Maximiano-

623 3851 777 3930 polis
809 3867 1043 3918 nomen,
1084 3849 1244 3924 quod
1269 3853 1522 3912 occurrit
1551 3854 1713 3933 apud
1738 3852 2059 3930 Georgium
2095 3850 2382 3930 Cyprium
2415 3851 2607 3920 (776),
2638 3847 2975 3908 Hieroclem

623 3938 812 4011 (731),
876 3937 938 3995 in
1007 3932 1224 3992 notitia
1291 3937 1654 4015 dignitatum
1722 3943 1825 4016 (or.
1888 3937 2119 3998 XXXI
2181 3940 2289 4008 29,
2347 3941 2477 4009 48),
2544 3933 2870 4013 Caenepoli
2944 3952 2981 3991 a

624 4020 1000 4083 Maximiano
1045 4015 1291 4083 Galerio
1336 4024 1495 4083 intra
1540 4044 1734 4083 annos
1783 4025 2117 4082 305--311
2179 4023 2523 4102 impositum
2569 4039 2695 4079 esse
2740 4018 2982 4080 videtur

625 4117 804 4186 atque
849 4110 1026 4169 etiam
1071 4115 1236 4165 sexto
1283 4110 1522 4169 saeculo
1568 4111 1855 4169 usitatum
1902 4119 2045 4169 erat.

763 4280 802 4339 ¹)
840 4278 1083 4347 Ramsay‚
1121 4274 1246 4328 Asia
1284 4278 1462 4331 Minor
1501 4297 1547 4347 p.
1591 4277 1704 4328 173.

763 4346 804 4411 2)
842 4349 915 4402 H.
953 4352 1151 4406 Gelzer,
1188 4347 1253 4397 ad
1292 4348 1480 4415 Georg.
1518 4348 1671 4413 Cypr.
1712 4363 1760 4412 p.
1803 4345 1916 4396 137.
