3414 5193
1570 387 1979 479 ..60ss-

598 612 736 651 cum
781 592 892 652 hoc
936 591 1156 671 oppido
1201 591 1619 670 componenda
1662 602 1830 663 esset,
1874 591 2035 669 quod
2080 589 2351 650 nondum
2383 589 2785 668 exploratum,
2833 589 2939 650 sed

600 677 926 736 admodum
970 676 1290 737 verisimile
1334 685 1435 750 est,
1481 676 1710 737 Ninica
1754 697 1828 736 ex
1873 675 2114 736 Claudii
2161 684 2351 737 aetate
2396 675 2575 735 modo
2619 675 2946 748 „Claudio-

599 762 788 841 polis“
832 761 1070 822 audisse
1114 762 1424 823 videretur.
1513 762 1586 821 In
1643 762 1848 822 eadem
1903 772 2069 837 parte
2120 761 2368 822 Ciliciae
2425 761 2661 821 duobus
2707 760 2945 836 oppidis

601 869 638 907 a
682 847 936 909 Claudio
966 868 1182 907 nomen
1214 846 1735 926 „Claudiopolim“
1783 867 1909 907 esse
1950 848 2290 922 impositum
2335 855 2490 907 certe
2533 866 2656 906 non
2703 846 2942 906 arridet.

1613 1009 1929 1096 syn-ia.

601 1138 705 1201 92.
780 1135 1356 1220 Heliopolis
1421 1135 2069 1218 :ocol.Ju1ia
2139 1135 2586 1222 Augusta
2663 1133 2943 1196 Felix

1485 1223 2081 1310 Heliopolis.

727 1314 1081 1391 HeliopoliS,
1127 1335 1282 1393 quae
1327 1335 1364 1374 a
1409 1314 1628 1391 Beryto
1676 1317 1740 1374 in
1788 1316 2072 1375 orientem
2118 1313 2403 1392 vergebat
2446 1323 2505 1373 et
2549 1313 2711 1391 apud
2757 1312 2944 1391 pluri·

598 1422 727 1462 mos
773 1401 1211 1479 chorographos
1257 1401 1338 1460 ita
1383 1400 1566 1473 audit,
1614 1421 1651 1460 a
1697 1401 1897 1460 Plinio
1944 1401 2030 1479 (V
2064 1401 2167 1479 80)
2213 1399 2448 1459 colonia
2502 1418 2619 1458 non
2679 1408 2948 1470 vocatur,
3062 1402 3074 1409 “

599 1487 663 1545 in
720 1486 930 1546 tabula
987 1486 1453 1564 Peutingeriana
1506 1496 1702 1546 autem
1765 1486 2002 1545 duabus
2056 1484 2318 1545 turribus
2386 1483 2711 1562 insignitur
2769 1493 2827 1544 et
2878 1483 2942 1542 in

601 1572 866 1632 nummis
910 1571 1051 1631 inde
1098 1571 1174 1631 ab
1221 1572 1483 1649 Augusti
1525 1564 1892 1650 temporibus
1947 1572 2247 1646 (Mionnet
2292 1571 2353 1630 V
2397 1591 2451 1645 p.
2502 1571 2651 1639 29&
2711 1569 2947 1630 Eckhel

601 1657 704 1717 III
754 1678 791 1733 p
870 1659 1022 1729 3343
1074 1657 1249 1735 Head
1307 1659 1380 1716 H.
1435 1656 1513 1717 N.
1570 1678 1624 1737 p.
1682 1659 1851 1735 663):
1934 1656 2081 1728 „col.
2144 1655 2518 1732 Heliopolis“
2586 1656 2943 1715 nominatur.

601 1742 855 1807 Plenum
905 1763 1149 1804 nomen:
1195 1742 1339 1815 ‚‚col.
1383 1741 1555 1804 Julia
1600 1744 1879 1821 Augusta
1921 1742 2098 1802 Felix
2160 1740 2535 1821 Heliopolis“
2584 1742 2839 1801 occurrit
2882 1741 2945 1798 in

602 1827 790 1888 titulis
848 1827 1203 1888 Caracallae
1259 1829 1470 1888 aetatis
1534 1827 1622 1898 (C.
1669 1829 1718 1888 I.
1762 1829 1833 1887 L.
1880 1827 1980 1887 III
2026 1828 2165 1899 202,
2225 1828 2415 1905 6665)
2471 1836 2530 1886 et
2571 1827 2634 1885 in
2685 1826 2953 1887 nummis

602 1933 677 1973 ex
720 1913 1040 1974 Caracalla
1084 1934 1273 1993 usque
1318 1914 1397 1973 ad
1441 1912 1794 1974 Gallienum
1840 1913 2140 1988 (Mionnet
2182 1913 2244 1972 V
2288 1933 2345 1992 p.
2394 1913 2532 1985 298,
2579 1912 2745 1972 VIII
2778 1913 2945 1984 210).

603 1999 756 2060 Cum
805 1999 1146 2078 Heliopolis
1190 1998 1351 2078 apud
1400 1998 1664 2058 Plinium
1710 1999 1947 2059 colonia
1992 2019 2113 2058 non
2160 1998 2390 2058 dicatur
2451 2009 2631 2076 atque
2672 1997 2948 2057 laterculi

603 2084 829 2163 Syriae,
877 2085 953 2145 ab
1001 2085 1276 2165 Agrippa
1321 2084 1601 2156 confecti,
1655 2085 1819 2144 intra
1881 2105 2075 2145 annos
2123 2085 2375 2144 31-20
2423 2104 2474 2143 a.
2520 2083 2659 2144 Chr.
2705 2104 2764 2143 n.
2810 2103 2952 2143 con-

603 2171 807 2250 scripti
855 2170 1062 2243 sint1·‚
1106 2171 1407 2230 coloniam
1465 2180 1599 2250 post
1655 2191 1882 2230 annum
1940 2173 2018 2231 20
2074 2189 2200 2229 esse
2254 2168 2573 2230 deductam
2630 2168 2954 2229 verisimile

603 2267 705 2316 est.
796 2255 945 2316 Cum
995 2264 1191 2316 autem
1237 2257 1300 2314 in
1348 2276 1596 2315 nummo
1641 2255 1909 2335 Philippi
1955 2256 2206 2315 iunioris
2253 2255 2553 2334 (Mionnet
2601 2255 2658 2311 V
2705 2274 2760 2334 p.
2798 2254 2947 2331 304)

603 2341 869 2419 legiones
915 2342 976 2401 V
1022 2340 1253 2402 Maced.
1299 2350 1356 2400 et
1402 2340 1564 2401 VIII
1621 2343 1780 2419 Aug.
1828 2350 2168 2412 occurrant,
2224 2340 2443 2420 quibus
2499 2360 2574 2400 ex
2618 2340 2949 2418 legionibus

603 2426 844 2487 colonia
887 2427 1143 2502 Berytus
1189 2446 1424 2505 quoque
1485 2437 1662 2486 aucta
1725 2435 1826 2498 est,
1888 2445 2049 2486 anno
2103 2428 2178 2484 14
2225 2426 2594 2506 Heliopolim
2643 2434 2958 2486 veteranos

603 2512 846 2571 illarum
891 2512 1147 2576 duarum
1191 2510 1495 2589 legionum
1542 2532 1669 2572 esse
1715 2512 1998 2571 deductos
2044 2511 2116 2572 E.
2166 2511 2565 2572 Kornemann
2588 2515 2633 2588 2)
2680 2510 2949 2571 ostendit.

602 2598 758 2658 Tum
802 2596 1042 2658 colonia
1088 2595 1264 2658 modo
1308 2596 1552 2671 ,‚Julia“
1582 2607 1799 2659 vocata
1842 2608 1943 2670 est,
1988 2599 2127 2658 item
2161 2609 2339 2676 atque
2376 2599 2667 2674 „Lystra“
2695 2596 2955 2669 colonia,

605 2685 788 2764 paulo
833 2694 968 2763 post
1011 2683 1292 2756 deducta,
1338 2682 1529 2745 solum
1576 2683 1854 2757 ‚‚Juliae“
1897 2703 2221 2763 cognomen
2270 2686 2521 2763 accepit3
2586 2684 2646 2742 in
2694 2683 2956 2742 nummis

609 2769 767 2829 enim
825 2790 898 2829 ex
961 2772 1237 2847 Augusto
1301 2790 1490 2848 usque
1545 2768 1621 2829 ad
1680 2769 2035 2849 Septimium
2096 2769 2382 2830 Severum
2437 2769 2720 2848 oppidum
2776 2768 2960 2828 modo-

604 2854 889 2928 „colonia
932 2854 1311 2934 Heliopolis“,
1359 2875 1487 2915 seu:
1533 2854 1677 2928 „col.
1724 2854 1897 2917 Julia
1942 2854 2321 2934 Heliopolis“
2366 2853 2548 2914 audit.
2607 2853 2950 2934 Heliopolis

608 2939 862 3000 fortasse
926 2940 1045 3000 iam
1118 2960 1155 2999 a
1221 2940 1505 3014 Caesare,
1572 2961 1704 3001 cum
1772 2941 2054 3018 Berytum
2119 2940 2415 3000 coloniam
2489 2939 2804 3000 deduceret
2874 2939 2952 2998 ad

605 3026 1026 3086 deductionem
1071 3024 1371 3085 destinata
1415 3035 1556 3087 erat.
1645 3026 1971 3106 Septimius
2002 3025 2257 3087 Severus
2286 3035 2502 3098 autem,
2548 3026 2650 3103 qui
2682 3024 2960 3086 coloniae

604 3112 698 3171 ius
743 3111 1018 3172 Italicum
1075 3110 1329 3172 donavit
1382 3112 1637 3191 (Digest.
1683 3112 1754 3172 L.
1807 3115 1969 3189 15‚1)
2016 3111 2112 3171 vel
2158 3112 2354 3191 potius
2399 3110 2719 3172 Caracalla
2770 3110 2949 3188 filius,

607 3206 674 3257 ut
738 3197 976 3277 saepius
1038 3196 1201 3269 fecit,
1270 3196 1541 3257 coloniae
1602 3198 1966 3276 cognomina
2029 3196 2388 3275 „Augustae
2449 3196 2709 3257 Felicis“
2776 3195 2960 3267 dedit,

606 3302 761 3360 quae
806 3282 999 3362 primo
1045 3282 1104 3340 in
1153 3281 1504 3342 Caracallae
1547 3284 1812 3341 nummis
1857 3291 2192 3343 occurrunt.

1607 3454 1969 3524 Africa.

609 3578 711 3643 93.
763 3576 1292 3643 Simitthus
1344 3607 1411 3634 .—.—.
1470 3582 1643 3643 col.
1693 3579 1954 3662 Julia
2002 3579 2413 3664 Augusta
2470 3576 2956 3641 Numidica.

733 3702 1047 3763 Simitthus
1094 3704 1243 3780 (sive
1287 3702 1600 3776 Simittus),
1666 3705 1730 3762 in
1785 3705 1886 3764 via
1931 3725 1968 3763 a
2008 3703 2177 3764 Cirta
2232 3702 2659 3782 Carthaginem
2726 3701 2956 3762 ferente
3046 3702 3051 3708 '

607 3808 790 3870 prope
843 3788 1186 3867 Bagradam
1239 3788 1461 3849 flumen
1518 3790 1652 3862 sita,
1717 3789 1879 3868 apud
1940 3787 2205 3848 Plinium
2274 3789 2361 3865 (V
2409 3789 2551 3869 29):
2624 3787 2954 3868 „oppidum

606 3876 825 3936 civium
874 3874 1337 3947 Romanorum“‚
1383 3876 1443 3933 in
1474 3874 1687 3935 tabula
1720 3875 2185 3953 Peutingeriana
2218 3874 2510 3953 (Sunitu),
2557 3875 2620 3932 in
2653 3873 2960 3933 itinerario

609 3962 911 4022 Antonini
961 3967 1041 4039 (p.
1086 3963 1212 4033 43),
1258 3961 1319 4018 in
1367 3960 1603 4020 duobus
1650 3960 1838 4020 titulis
1881 3959 1965 4037 (C.
2011 3962 2057 4020 I.
2106 3959 2177 4020 L.
2223 3959 2390 4021 VIII
2440 3962 2672 4031 14559,
2725 3960 2953 4032 14611)

605 4047 914 4119 „colonia“
957 4045 1189 4106 dicitur.
1240 4045 1495 4105 Plenum
1542 4046 1832 4106 sollemne
1875 4065 2121 4106 nomen:
2166 4045 2443 4118 „colonia
2472 4045 2645 4107 ‚Iulia
2674 4045 2963 4123 Augusta

748 4216 787 4274 ¹)
826 4214 888 4265 O.
927 4214 1110 4277 Cuntz,
1143 4213 1325 4266 Jahrb.
1361 4214 1396 4266 f.
1435 4212 1625 4264 Philol.
1664 4212 1933 4281 Supplem.
1971 4212 2162 4269 XVII.
2199 4231 2249 4279 p.
2285 4212 2404 4266 480.

747 4283 786 4349 2)
824 4283 992 4350 Pauly
1028 4282 1278 4336 Wissowa
1313 4281 1397 4333 IV
1435 4299 1485 4349 p.
1521 4280 1639 4335 552.
