3414 5193
1463 473 1885 530 —93-

783 669 934 750 C-
1002 668 1534 748 Caesar:
1594 664 2578 744 &exmanicus

624 793 1289 883 Caligula
1372 791 1675 866 37-
1697 790 1876 865 422
1957 808 2088 883 p-
2179 788 2507 865 Chr.
2594 806 2738 865 n.

497 945 580 1012 A.
630 945 959 1012 Coloniae
997 964 1039 1009 a
1074 943 1397 1025 Caligula
1430 942 1767 1009 deductae
1797 961 1938 1009 non
1971 952 2152 1025 sunt,
2196 942 2539 1023 quantum
2571 943 2850 1008 scimus,

499 1147 575 1212 B.
621 1144 871 1216 Cetera
920 1143 1198 1230 oppida,
1245 1160 1421 1225 quac
1467 1160 1561 1208 ox
1607 1141 1922 1225 Caligula
1971 1143 2339 1208 nominata
2385 1143 2569 1208 sunt.

1339 1278 2018 1368 commagene.

959 1414 1102 1481 108.
1177 1413 1804 1478 Germanicia
1876 1414 2398 1478 Caesarea.

634 1539 1040 1611 Germanicia,
1098 1539 1162 1597 in
1222 1538 1624 1618 Commagene
1687 1541 1829 1612 sita,
1888 1547 2387 1600 commemoratur
2445 1538 2608 1618 apud
2658 1538 2853 1598 Ptole-

507 1646 743 1685 maeum
789 1625 872 1699 (V
926 1626 1154 1702 15‚10),
1215 1624 1588 1704 Stephanum
1648 1625 2036 1704 Byzantium,
2094 1624 2530 1684 Theodoretum
2593 1624 2682 1700 (II
2731 1622 2855 1704 25),

507 1709 856 1774 Hieroclem
902 1712 1093 1787 (713),
1140 1710 1466 1789 Georgium
1514 1710 1806 1791 Cyprium
1862 1712 2061 1788 (876),
2123 1712 2186 1770 in
2234 1711 2449 1769 notitia
2494 1710 2856 1787 dignitatum

508 1800 608 1874 (or.
655 1794 754 1857 IX
802 1798 924 1871 34),
971 1796 1036 1855 in
1082 1796 1391 1855 itinerario
1439 1796 1742 1855 Antonini
1799 1797 1962 1873 (184,
2016 1799 2165 1869 186,
2217 1797 2391 1873 188),
2437 1796 2501 1854 in
2547 1795 2857 1855 itineribus

508 1880 1080 1960 Hierosolymitanis
1127 1885 1204 1960 (p.
1255 1883 1495 1953 149‚15‚
1542 1880 1780 1959 Geyer),
1824 1882 1890 1940 in
1935 1893 2173 1956 patrum
2212 1881 2614 1940 Nicaenorum
2670 1881 2859 1940 nomi-

509 1967 689 2027 nibus
725 1967 810 2044 (V
837 1970 934 2038 55,
979 1967 1080 2025 III
1112 1969 1209 2039 55,
1244 1967 1406 2038 alibi,
1453 1966 1703 2041 Gelzer),
1751 1968 1814 2025 in
1846 1968 2107 2027 nummis
2153 1967 2392 2026 demum
2424 1987 2498 2026 ex
2537 1966 2858 2026 Hadriano

510 2074 699 2131 usque
745 2050 820 2113 ad
866 2052 1270 2113 Valerianum
1316 2052 1575 2130 (Eckhel
1620 2053 1721 2112 III
1765 2073 1820 2131 p.
1869 2055 2035 2128 250).
2125 2053 2288 2112 Aera
2335 2051 2541 2131 oppidi
2586 2052 2861 2112 ducenda

510 2147 598 2198 est
654 2137 730 2197 ab
789 2158 952 2197 anno
1006 2140 1111 2208 38,
1179 2158 1296 2216 quo
1351 2137 1631 2215 Caligula
1699 2137 2001 2198 Antiocho
2068 2137 2160 2197 IV
2229 2146 2543 2217 paternum
2608 2158 2859 2216 regnum

509 2224 785 2284 reddidit.
875 2224 1031 2283 Tum
1095 2224 1279 2301 igitur
1338 2224 1621 2303 oppidum
1688 2226 1749 2283 in
1814 2222 2134 2302 Caligulae
2198 2225 2481 2282 honorem
2529 2223 2862 2296 „Caesarea

512 2308 936 2370 Germanicia“
999 2309 1377 2368 nominatum
1440 2318 1551 2383 est,
1620 2310 1780 2387 quod
1843 2310 2134 2371 sollemne
2199 2329 2421 2369 nomen
2467 2329 2589 2368 non
2637 2310 2752 2368 nisi
2796 2309 2860 2367 in

511 2393 772 2454 nummis
829 2395 1105 2466 occurrit,
1164 2415 1301 2454 cum
1364 2394 1608 2473 volgare
1667 2416 1890 2455 nomen
1957 2405 2111 2455 esset
2173 2395 2350 2454 etiam
2412 2405 2577 2453 sexto
2623 2394 2862 2454 saeculo

513 2480 714 2540 modo:
761 2480 1242 2552 „Germanicia“

1477 2580 1838 2652 Africa.

1194 2723 1335 2787 109.
1410 2722 2196 2789 Germaniciana.

646 2848 721 2906 In
770 2848 1073 2907 itinerario
1105 2848 1408 2907 Antonini
1456 2849 1534 2928 (p.
1568 2849 1675 2923 55)
1722 2849 1879 2909 inter
1907 2851 2121 2928 Aquas
2167 2848 2391 2926 Regias
2438 2856 2495 2929 et
2524 2847 2865 2923 Thysdrum

513 2933 1062 3006 „Germaniciana“
1111 2934 1382 3005 occurrit,
1429 2934 1593 3011 quod
1641 2934 1928 3014 oppidum
1988 2935 2167 2994 etiam
2215 2954 2375 2993 anno
2424 2935 2544 2991 255
2607 2935 2670 2991 in
2719 2934 2867 2992 actis

519 3019 915 3079 conciliorum
964 3018 1275 3096 (Harduin
1320 3019 1351 3077 I
1388 3020 1507 3078 170
1554 3020 1630 3095 E)
1676 3030 2186 3080 commemoratur.
2274 3019 2506 3077 Nomen
2553 3018 2869 3078 Germani-

519 3104 716 3179 ciana,
763 3105 986 3184 quippe
1045 3104 1206 3182 quod
1266 3103 1756 3176 ,‚Germaniciae“
1814 3105 2183 3163 simillimum
2230 3105 2330 3180 sit,
2389 3104 2466 3163 ad
2523 3101 2866 3182 Caligulam

517 3189 760 3250 videtur
803 3189 1097 3269 pertinere
1144 3198 1321 3268 atque
1364 3191 1536 3250 tertio
1581 3188 1820 3250 saeculo
1867 3191 2042 3250 etiam
2090 3190 2510 3270 usurpabatur.

1030 3346 1752 3470 eiauaius
1826 3394 2092 3469 422-
2111 3394 2353 3468 54-

650 3527 724 3592 A.
772 3527 1124 3609 Coloniae,
1171 3545 1349 3609 quae
1396 3546 1486 3593 ox
1533 3527 1823 3594 Claudio
1873 3527 2334 3611 (Agrippina)
2382 3527 2758 3594 sollemnia

1239 3632 1660 3712 cognomina
1704 3632 2155 3713 acceperuut.

1194 3782 1706 3855 Gen-mania
1764 3784 2212 3855 insen-im·-

752 3927 857 3990 99.
933 3923 1359 3990 Colonia
1428 3925 1857 3991 Claudia
1922 3926 2369 4008 Augusta
2438 3927 2629 3990 Ara

1053 4013 2355 4100 AgrippinensiszCoeln.

649 4139 835 4199 Anno
885 4142 962 4199 37
1017 4159 1068 4200 a.
1116 4139 1254 4200 Chr.
1299 4162 1358 4200 n.
1408 4141 1555 4202 Ubii
1600 4141 1663 4200 in
1711 4142 1952 4201 sinistra
1995 4143 2126 4221 ripa
2169 4141 2365 4201 Rheni
2408 4140 2681 4201 collocati
2711 4150 2877 4199 erant

522 4224 735 4299 (Tacit.
783 4246 927 4284 ann.
976 4225 1108 4284 XII
1156 4227 1250 4297 27,
1309 4226 1524 4286 Strabo
1582 4248 1637 4306 p.
1691 4230 1850 4304 194),
1898 4248 2148 4306 quorum
2197 4236 2379 4306 caput
2422 4236 2600 4286 tunc:
2676 4226 2876 4305 „oppi-

522 4310 704 4369 dum“
754 4346 828 4355 —
877 4310 999 4371 vel:
1046 4312 1294 4383 „civitas
1345 4311 1679 4373 Ubiorum“
1726 4313 2009 4373 audiebat
2055 4312 2265 4391 (Tacit.
2314 4333 2478 4371 anno
2523 4312 2556 4371 I
2604 4314 2710 4382 353
2756 4312 2875 4370 Dio
