3414 5193
1574 454 1995 510 ...12—

736 766 832 828 19.
883 764 1541 828 Beneventum
1595 793 1668 821 τ.
1723 766 1894 828 001.
1945 763 2200 846 julia
2250 763 2823 829 Concordia

1376 870 1830 957 Augusta
1880 869 2179 934 Felix.

737 1014 1171 1092 Beneventum,
1229 1013 1626 1093 Hirpinorum
1692 1014 1756 1072 in
1820 1014 2112 1073 territorio
2175 1014 2372 1086 situm,
2440 1014 2601 1094 apud
2662 1014 2962 1094 plurimos

608 1109 877 1160 auctores
934 1099 1046 1159 hoc
1102 1101 1344 1159 nomine
1403 1112 1930 1171 commemoratum
1991 1099 2227 1158 Plinius
2281 1099 2404 1174 (ΙΙΙ
2467 1101 2608 1175 105)
2664 1101 2955 1180 oppidum

606 1186 903 1246 coloniam
948 1184 1106 1244 dicit.
1199 1187 1384 1244 Anno
1430 1187 1510 1244 42
1558 1185 1991 1251 Beneventum,
2037 1185 2516 1245 florentissimum
2561 1186 2864 1265 oppidum,
2911 1208 2954 1255 a

610 1270 938 1331 triumviris
1003 1270 1301 1330 veteranis
1345 1269 1718 1331 collocandis
1780 1291 1906 1330 esse
1972 1271 2327 1330 destinatum
2378 1271 2701 1350 Appianus
2765 1272 2841 1349 (b.
2906 1294 2952 1333 c.

604 1357 701 1417 IV
749 1358 809 1434 3)
856 1365 1095 1425 narrat,
1137 1377 1317 1436 quam
1364 1355 1662 1416 coloniam
1710 1357 2018 1416 Munatius
2063 1356 2329 1416 Plancus
2376 1356 2626 1417 deduxit
2670 1357 2755 1434 (G.
2799 1360 2847 1417 Ι.
2881 1357 2963 1416 L..

609 1441 674 1501 X
724 1443 928 1520 6087).
1017 1441 1164 1501 Post
1194 1443 1507 1502 Actiacam
1555 1451 1752 1502 autem
1790 1449 2053 1521 pugnam
2089 1441 2475 1515 OctavianuS,
2523 1443 2624 1521 qui
2654 1444 2962 1503 veteranis-

606 1527 912 1606 legionum
946 1527 1056 1586 VI.
1089 1537 1146 1587 et
1175 1527 1388 1587 XXX.
1430 1528 1727 1587 coloniam
1776 1528 1960 1599 auxit,
2007 1527 2285 1607 oppido,
2290 1527 2572 1600 ,Juliam‘·
2619 1549 2949 1606 cognomen

608 1613 914 1691 imposuit,
985 1613 1144 1691 quod
1206 1622 1400 1673 exstat
1461 1615 1525 1671 in
1587 1612 1762 1673 titulo
1820 1613 2179 1673 Severianae
2242 1614 2453 1672 aetatis
2508 1613 2591 1690 (O.
2640 1614 2685 1673 Ι.
2738 1614 2805 1674 L
2855 1612 2951 1675 IX

613 1702 819 1772 2165),
866 1698 970 1758 ubi
1016 1697 1301 1777 legimus,
1346 1699 1492 1771 „.col
1539 1699 1714 1759 Julia
1758 1698 2099 1759 Concordia
2143 1701 2422 1777 Augusta
2454 1697 2683 1758 Felix.“
2773 1699 2960 1771 Nam

608 1805 740 1845 cum
807 1793 940 1863 post
1011 1785 1309 1843 Actiacam
1377 1804 1641 1863 pugnam
1707 1804 1897 1862 usque
1951 1783 2030 1843 ad
2073 1783 2402 1843 Traianum
2458 1784 2708 1863 legionis
2754 1785 2949 1844 XXX

607 1868 778 1929 nulla
822 1870 1044 1928 mentio
1089 1869 1209 1941 fiat,
1264 1868 1504 1928 illarum
1555 1869 1808 1930 duarum
1854 1870 2152 1947 legionum
2200 1869 2632 1942 deductionem,
2680 1891 2833 1949 quae
2877 1891 2950 1930 ex

606 1955 812 2014 multis
866 1955 1055 2013 titulis
1110 1954 1200 2032 (C.
1247 1955 1294 2014 Ι.
1341 1955 1412 2014 L.
1460 1955 1557 2014 IX
1608 1957 1787 2026 1601,
1841 1956 2027 2026 1602,
2079 1956 2257 2027 1603,
2308 1956 2464 2032 aliis)
2519 1966 2779 2036 apparet,
2826 1977 2947 2015 non

606 2050 739 2120 post
784 2041 1230 2120 Philippensem
1295 2039 1397 2099 sed
1465 2049 1596 2120 post
1640 2042 1957 2101 Actiacam
2024 2061 2290 2121 pugnam
2350 2041 2569 2101 factam
2637 2062 2763 2101 esse
2825 2062 2953 2121 pro·

607 2125 806 2186 babile
849 2137 965 2197 est;
1026 2126 1371 2205 praesertim
1417 2147 1549 2186 cnm
1604 2126 1809 2186 titulos
1855 2147 1976 2186 non
2021 2135 2254 2186 tantam
2301 2136 2655 2187 vetustatem
2703 2148 2846 2206 prae
2890 2148 2964 2187 se·

605 2212 775 2290 ferre,
817 2233 998 2290 quam
1030 2211 1420 2272 triumviralis
1453 2211 1726 2272 deductio
1759 2213 1907 2271 anni
1939 2214 2019 2269 42
2052 2214 2375 2291 requireret
2403 2213 2514 2273 Th.
2547 2214 2882 2273 Mommsen
2900 2216 2951 2289 1)

605 2308 860 2357 censeat.
917 2298 1275 2375 „Augusta“
1306 2318 1637 2375 cognomen
1669 2297 1923 2357 fortasse
1955 2297 2032 2356 ad
2077 2297 2229 2357 illud
2276 2307 2510 2378 tempus
2541 2308 2783 2378 spectat,
2831 2319 2962 2377 quo-

607 2383 923 2443 Caesarem
971 2386 1318 2460 Augustum
1365 2383 1706 2443 Caudinum
1770 2403 1903 2442 cum
1967 2383 2257 2442 territorio
2320 2404 2426 2442 suo
2483 2382 2953 2443 Beneventanae

607 2466 878 2528 coloniae
959 2468 1330 2528 adiudicasse
1409 2468 1658 2528 refertur
1744 2469 1804 2526 in
1882 2468 2254 2528 coloniarum
2331 2468 2483 2528 libro
2560 2471 2639 2547 (p.
2710 2471 2856 2544 231)
2885 2471 2950 2548 2).

608 2554 962 2633 Cognomen
1019 2553 1428 2627 „Concordia“
1475 2554 1818 2634 primarium
1870 2574 1907 2613 a
1951 2554 2275 2614 triumviris
2323 2553 2540 2634 oppido
2603 2554 2950 2634 impositum

607 2659 732 2700 esse
786 2640 1037 2712 videtur,
1092 2641 1330 2739 quippe
1367 2640 1526 2719 quod
1582 2641 1953 2719 potissimum
2008 2639 2364 2700 triumvirali
2419 2640 2760 2700 deductioni
2815 2662 2951 2701 con-

607 2727 810 2785 veniat
854 2734 1033 2804 atque
1077 2726 1269 2785 solum
1316 2727 1379 2785 in
1427 2726 1801 2786 coloniarum
1847 2726 2002 2786 libro
2048 2735 2253 2787 exstet
2321 2726 2686 2786 Praeterea
2671 2747 2731 2784 1n
2763 2726 2962 2786 titulis

609 2814 1009 2887 (l.o.1538,
1080 2814 1263 2896 1545)
1324 2811 1521 2871 liberti
1582 2810 1855 2872 coloniae
1916 2812 2285 2873 Concordiae
2347 2822 2688 2883 occurrunt3
2753 2812 2951 2873 liberti

606 2895 872 2956 coloniae
928 2898 1084 2956 enim
1143 2918 1372 2977 semper
1430 2897 1505 2956 ad
1568 2897 1825 2977 primum
1882 2898 2152 2958 coloniae
2204 2906 2425 2958 statum
2484 2908 2661 2977 atque
2720 2908 2962 2977 tempus-

609 2983 923 3061 pertinent.
1010 2982 1344 3043 Concordia
1389 3003 1738 3060 cognomen
1785 2992 1851 3043 ut
1880 2985 2247 3064 primarium,
2294 2985 2502 3061 magiS,
2549 3005 2727 3063 quam
2763 2995 2965 3043 cetera.

605 3088 718 3127 usu
764 3069 963 3127 tritum
1014 3078 1157 3130 erat.
1214 3069 1498 3129 Fortasse
1542 3070 1785 3142 ‚,Julia“
1832 3090 2163 3147 cognomen
2212 3090 2452 3148 quoque
2495 3070 2614 3128 iam
2662 3089 2821 3129 anno
2868 3070 2947 3127 42

609 3174 646 3213 a
698 3154 1044 3225 triumviriS,
1111 3154 1207 3213 vel
1261 3155 1456 3233 potius
1516 3155 1592 3214 ab
1639 3154 1983 3215 Oct-aviano
2038 3155 2308 3215 coloniae
2363 3157 2705 3233 impositum
2766 3163 2853 3212 est
2895 3162 2953 3211 et

608 3242 888 3317 Augusta
931 3259 1260 3317 cognomen
1312 3240 1562 3319 pertinet
1607 3240 1684 3299 ad
1730 3240 1895 3299 illam
1945 3239 2360 3299 deductIOnem
2405 3239 2711 3316 legionum
2758 3238 2852 3297 VI
2895 3248 2964 3296 et

608 3324 818 3396 XXX,
865 3345 1020 3402 quae
1066 3323 1174 3384 illa
1218 3326 1560 3385 coniectura
1604 3337 1850 3403 accepta
1895 3345 2057 3384 anno
2108 3328 2182 3385 27
2232 3324 2329 3384 vel
2379 3323 2563 3403 pau'lo
2612 3332 2743 3401 post
2786 3322 2950 3381 facta

607 3420 772 3469 esset.
874 3409 1223 3488 Cognomen
1271 3410 1460 3483 Felix,
1520 3410 1680 3489 quod
1739 3410 1990 3470 fortasse
2035 3411 2171 3468 item
2220 3415 2481 3488 (propter
2524 3408 2947 3486 cognominum

606 3495 915 3573 ordinem),
963 3496 1040 3555 ab
1074 3497 1351 3573 Augusto
1395 3497 1741 3575 impositum
1789 3506 1892 3568 est,
1940 3496 2224 3570 imprimis
2258 3495 2708 3554 Antoninorum
2760 3503 2949 3554 aetate

609 3581 671 3639 in
718 3581 903 3640 titulis
950 3583 1004 3656 (l⁴
1053 3602 1099 3641 c.
1138 3584 1314 3653 1645,
1369 3584 1546 3654 1665,
1595 3583 1784 3658 2043)
1817 3582 2097 3641 usitatum
2132 3589 2269 3652 erat,
2317 3579 2419 3638 ubi
2451 3579 2738 3658 oppidum
2774 3580 2958 3639 modo-

607 3665 1059 3738 „Beneventum
1104 3667 1332 3736 Felix⁴‘,
1378 3668 1554 3727 modo
1599 3666 1817 3743 „Felix
1863 3666 2313 3725 Beneventum“
2359 3664 2543 3723 audit.

788 3839 890 3902 20.
945 3838 1471 3902 Venafrum
1522 3866 1596 3892 =
1652 3840 1821 3901 col.
1870 3836 2137 3919 Julia
2184 3837 2771 3901 Venafrana.

742 3963 1078 4024 Venafrum
1116 3964 1419 4043 oppidum,
1468 3964 1543 4022 ad
1579 3962 1944 4022 Volturnum
1982 3963 2044 4020 in
2079 3962 2253 4035 Latii,
2286 3962 2672 4043 Campaniae,
2718 3963 2957 4024 Samnii·

608 4049 866 4109 confinio
929 4050 1122 4121 situm,
1191 4048 1429 4110 Plinius
1494 4047 1618 4125 (III
1676 4050 1796 4122 63),
1860 4047 2239 4108 Ptolemaeus
2301 4049 2423 4124 (ΙΙΙ
2494 4052 2670 4128 1,68),
2735 4048 2961 4109 Strabo

748 4247 786 4308 ¹)
825 4244 880 4297 C.
920 4245 964 4295 Ι.
1005 4245 1066 4296 L.
1105 4245 1186 4295 IX
1227 4262 1271 4311 p.
1315 4245 1425 4297 136.

749 4330 786 4389 ²)
823 4331 921 4382 Th.
961 4330 1274 4393 Mommsen,
1311 4330 1532 4381 Hermes
1571 4331 1775 4382 XVIII
1814 4350 1862 4400 p.
1909 4332 2017 4385 185.
