<?xml version="1.0" encoding="UTF-8"?>
<!DOCTYPE html PUBLIC "-//W3C//DTD XHTML 1.0 Transitional//EN"
    "http://www.w3.org/TR/xhtml1/DTD/xhtml1-transitional.dtd">
<html xmlns="http://www.w3.org/1999/xhtml" xml:lang="en" lang="en">
 <head>
  <title>
</title>
<meta http-equiv="Content-Type" content="text/html;charset=utf-8" />
  <meta name='ocr-system' content='tesseract 3.04.00' />
  <meta name='ocr-capabilities' content='ocr_page ocr_carea ocr_par ocr_line ocrx_word'/>
</head>
<body>
  <div class='ocr_page' id='page_1' title='image "./decoloniisoppid00assmgoog_0061.png"; bbox 0 0 3414 5193; ppageno 0'>
   <div class='ocr_carea' id='block_1_1' title="bbox 1470 458 1879 515">
    <p class='ocr_par' dir='ltr' id='par_1_1' title="bbox 1470 458 1879 515">
     <span class='ocr_line' id='line_1_1' title="bbox 1470 458 1879 515; baseline 0 -15"><span class='ocrx_word' id='word_1_1' title='bbox 1470 458 1879 515; x_wconf 67' lang='lat'>-57-</span> 
     </span>
    </p>
   </div>
   <div class='ocr_carea' id='block_1_2' title="bbox 495 616 2856 1306">
    <p class='ocr_par' dir='ltr' id='par_1_2' title="bbox 495 616 2856 1306">
     <span class='ocr_line' id='line_1_2' title="bbox 496 616 2850 706; baseline -0.001 -19"><span class='ocrx_word' id='word_1_2' title='bbox 496 627 773 700; x_wconf 84' lang='lat' dir='ltr'><strong>deduxit;</strong></span> <span class='ocrx_word' id='word_1_3' title='bbox 834 630 897 688; x_wconf 92' lang='lat' dir='ltr'><strong>in</strong></span> <span class='ocrx_word' id='word_1_4' title='bbox 962 628 1165 688; x_wconf 90' lang='lat' dir='ltr'><strong>multis</strong></span> <span class='ocrx_word' id='word_1_5' title='bbox 1225 629 1490 689; x_wconf 91' lang='lat' dir='ltr'><strong>nummis</strong></span> <span class='ocrx_word' id='word_1_6' title='bbox 1556 616 1714 687; x_wconf 85' lang='lat' dir='ltr'><strong>enim</strong></span> <span class='ocrx_word' id='word_1_7' title='bbox 1778 628 2079 706; x_wconf 88' lang='lat' dir='ltr'><strong>(Mionnet</strong></span> <span class='ocrx_word' id='word_1_8' title='bbox 2123 627 2189 686; x_wconf 95' lang='lat' dir='ltr'><strong>II</strong></span> <span class='ocrx_word' id='word_1_9' title='bbox 2241 647 2296 702; x_wconf 89' lang='lat' dir='ltr'><strong>p.</strong></span> <span class='ocrx_word' id='word_1_10' title='bbox 2346 628 2492 700; x_wconf 90' lang='grc'>640)</span> <span class='ocrx_word' id='word_1_11' title='bbox 2558 626 2850 705; x_wconf 92' lang='lat' dir='ltr'><strong>oppidum</strong></span> 
     </span>
     <span class='ocr_line' id='line_1_3' title="bbox 498 713 2856 793; baseline -0.001 -19"><span class='ocrx_word' id='word_1_12' title='bbox 498 713 645 792; x_wconf 86' lang='lat' dir='ltr'><strong>‚,col.</strong></span> <span class='ocrx_word' id='word_1_13' title='bbox 692 715 851 793; x_wconf 90' lang='lat' dir='ltr'>Aug.</span> <span class='ocrx_word' id='word_1_14' title='bbox 914 714 1145 774; x_wconf 88' lang='lat' dir='ltr'><strong>Troas“</strong></span> <span class='ocrx_word' id='word_1_15' title='bbox 1200 714 1295 774; x_wconf 85' lang='lat' dir='ltr'><strong>vel</strong></span> <span class='ocrx_word' id='word_1_16' title='bbox 1357 713 1508 787; x_wconf 93' lang='lat' dir='ltr'><strong>„col.</strong></span> <span class='ocrx_word' id='word_1_17' title='bbox 1555 713 1935 773; x_wconf 85' lang='lat' dir='ltr'><strong>Alexandria</strong></span> <span class='ocrx_word' id='word_1_18' title='bbox 1995 713 2224 773; x_wconf 90' lang='lat' dir='ltr'><strong>Troas“</strong></span> <span class='ocrx_word' id='word_1_19' title='bbox 2286 713 2479 782; x_wconf 89' lang='lat' dir='ltr'><strong>audit;</strong></span> <span class='ocrx_word' id='word_1_20' title='bbox 2543 720 2856 791; x_wconf 83' lang='lat' dir='ltr'><strong>praeterea</strong></span> 
     </span>
     <span class='ocr_line' id='line_1_4' title="bbox 496 797 2856 878; baseline -0.001 -19"><span class='ocrx_word' id='word_1_21' title='bbox 496 799 734 859; x_wconf 84' lang='lat' dir='ltr'>Plinius</span> <span class='ocrx_word' id='word_1_22' title='bbox 801 800 887 878; x_wconf 87' lang='lat' dir='ltr'><strong>(V</strong></span> <span class='ocrx_word' id='word_1_23' title='bbox 938 801 1106 873; x_wconf 83' lang='lat'><strong>124),</strong></span> <span class='ocrx_word' id='word_1_24' title='bbox 1174 799 1406 860; x_wconf 91' lang='lat' dir='ltr'><strong>Paulus</strong></span> <span class='ocrx_word' id='word_1_25' title='bbox 1469 799 1632 877; x_wconf 80' lang='lat' dir='ltr'><strong>(Dig.</strong></span> <span class='ocrx_word' id='word_1_26' title='bbox 1687 799 1745 858; x_wconf 94' lang='lat' dir='ltr'>L</span> <span class='ocrx_word' id='word_1_27' title='bbox 1816 801 1996 872; x_wconf 57' lang='grc'>15,8),</span> <span class='ocrx_word' id='word_1_28' title='bbox 2065 797 2281 860; x_wconf 86' lang='lat' dir='ltr'><strong>Strabo</strong></span> <span class='ocrx_word' id='word_1_29' title='bbox 2348 797 2546 868; x_wconf 79' lang='lat' dir='ltr'>(XIII</span> <span class='ocrx_word' id='word_1_30' title='bbox 2601 818 2656 873; x_wconf 89' lang='lat' dir='ltr'><strong>p.</strong></span> <span class='ocrx_word' id='word_1_31' title='bbox 2704 799 2856 872; x_wconf 85' lang='lat'>593)</span> 
     </span>
     <span class='ocr_line' id='line_1_5' title="bbox 499 877 2852 964; baseline -0.002 -19"><span class='ocrx_word' id='word_1_32' title='bbox 499 885 781 964; x_wconf 89' lang='lat' dir='ltr'><strong>oppidum</strong></span> <span class='ocrx_word' id='word_1_33' title='bbox 815 885 1110 946; x_wconf 90' lang='lat' dir='ltr'><strong>coloniam</strong></span> <span class='ocrx_word' id='word_1_34' title='bbox 1143 884 1365 945; x_wconf 92' lang='lat' dir='ltr'><strong>dicunt.</strong></span> <span class='ocrx_word' id='word_1_35' title='bbox 1440 884 1762 945; x_wconf 87' lang='lat' dir='ltr'><strong>Caracalla</strong></span> <span class='ocrx_word' id='word_1_36' title='bbox 1791 884 2067 945; x_wconf 90' lang='lat' dir='ltr'><strong>coloniae</strong></span> <span class='ocrx_word' id='word_1_37' title='bbox 2096 877 2456 963; x_wconf 81' lang='lat' dir='ltr'><strong>cognomina</strong></span> <span class='ocrx_word' id='word_1_38' title='bbox 2499 882 2852 956; x_wconf 86' lang='lat' dir='ltr'><strong>„Aureliam</strong></span> 
     </span>
     <span class='ocr_line' id='line_1_6' title="bbox 495 969 2850 1050; baseline -0.001 -20"><span class='ocrx_word' id='word_1_39' title='bbox 495 971 1015 1031; x_wconf 89' lang='lat' dir='ltr'><strong>Antoninianam“</strong></span> <span class='ocrx_word' id='word_1_40' title='bbox 1045 970 1345 1049; x_wconf 83' lang='lat' dir='ltr'>imposuit,</span> <span class='ocrx_word' id='word_1_41' title='bbox 1394 990 1553 1050; x_wconf 89' lang='lat' dir='ltr'><strong>quae</strong></span> <span class='ocrx_word' id='word_1_42' title='bbox 1584 991 1710 1029; x_wconf 93' lang='lat' dir='ltr'><strong>non</strong></span> <span class='ocrx_word' id='word_1_43' title='bbox 1742 971 1859 1030; x_wconf 88' lang='lat' dir='ltr'><strong>nisi</strong></span> <span class='ocrx_word' id='word_1_44' title='bbox 1891 971 1952 1029; x_wconf 93' lang='lat' dir='ltr'><strong>in</strong></span> <span class='ocrx_word' id='word_1_45' title='bbox 1985 969 2147 1029; x_wconf 89' lang='lat' dir='ltr'><strong>illius</strong></span> <span class='ocrx_word' id='word_1_46' title='bbox 2179 969 2555 1046; x_wconf 90' lang='lat' dir='ltr'><strong>imperatoris</strong></span> <span class='ocrx_word' id='word_1_47' title='bbox 2587 969 2850 1029; x_wconf 90' lang='lat' dir='ltr'><strong>nummis</strong></span> 
     </span>
     <span class='ocr_line' id='line_1_7' title="bbox 498 1054 2852 1135; baseline -0.001 -19"><span class='ocrx_word' id='word_1_48' title='bbox 498 1066 833 1118; x_wconf 90' lang='lat' dir='ltr'><strong>occurrunt.</strong></span> <span class='ocrx_word' id='word_1_49' title='bbox 923 1056 1127 1133; x_wconf 88' lang='lat' dir='ltr'><strong>(Head</strong></span> <span class='ocrx_word' id='word_1_50' title='bbox 1197 1056 1280 1115; x_wconf 89' lang='lat' dir='ltr'><strong>H.</strong></span> <span class='ocrx_word' id='word_1_51' title='bbox 1325 1056 1403 1116; x_wconf 89' lang='lat' dir='ltr'><strong>N.</strong></span> <span class='ocrx_word' id='word_1_52' title='bbox 1449 1077 1505 1135; x_wconf 91' lang='lat' dir='ltr'><strong>p.</strong></span> <span class='ocrx_word' id='word_1_53' title='bbox 1562 1057 1745 1130; x_wconf 57' lang='lat'>470„</span> <span class='ocrx_word' id='word_1_54' title='bbox 1817 1064 1952 1132; x_wconf 89' lang='lat' dir='ltr'><strong>post</strong></span> <span class='ocrx_word' id='word_1_55' title='bbox 2011 1055 2183 1114; x_wconf 92' lang='lat' dir='ltr'><strong>illum</strong></span> <span class='ocrx_word' id='word_1_56' title='bbox 2253 1063 2450 1114; x_wconf 88' lang='lat' dir='ltr'><strong>autem</strong></span> <span class='ocrx_word' id='word_1_57' title='bbox 2519 1075 2707 1132; x_wconf 92' lang='lat' dir='ltr'><strong>usque</strong></span> <span class='ocrx_word' id='word_1_58' title='bbox 2774 1054 2852 1113; x_wconf 87' lang='lat' dir='ltr'><strong>ad</strong></span> 
     </span>
     <span class='ocr_line' id='line_1_8' title="bbox 498 1139 2855 1221; baseline -0.002 -18"><span class='ocrx_word' id='word_1_59' title='bbox 498 1141 849 1203; x_wconf 91' lang='lat' dir='ltr'><strong>Gallienum</strong></span> <span class='ocrx_word' id='word_1_60' title='bbox 881 1141 1177 1218; x_wconf 75' lang='lat' dir='ltr'><strong>‚oppidum</strong></span> <span class='ocrx_word' id='word_1_61' title='bbox 1234 1141 1478 1221; x_wconf 93' lang='lat' dir='ltr'><strong>publice</strong></span> <span class='ocrx_word' id='word_1_62' title='bbox 1521 1141 1667 1214; x_wconf 89' lang='lat' dir='ltr'><strong>„col.</strong></span> <span class='ocrx_word' id='word_1_63' title='bbox 1724 1143 2007 1220; x_wconf 90' lang='lat' dir='ltr'><strong>Augusta</strong></span> <span class='ocrx_word' id='word_1_64' title='bbox 2060 1140 2476 1201; x_wconf 86' lang='lat' dir='ltr'><strong>Alexandria“</strong></span> <span class='ocrx_word' id='word_1_65' title='bbox 2520 1139 2617 1200; x_wconf 88' lang='lat' dir='ltr'><strong>vel</strong></span> <span class='ocrx_word' id='word_1_66' title='bbox 2673 1139 2855 1199; x_wconf 92' lang='lat' dir='ltr'><strong>modo</strong></span> 
     </span>
     <span class='ocr_line' id='line_1_9' title="bbox 498 1227 1571 1306; baseline -0.001 -19"><span class='ocrx_word' id='word_1_67' title='bbox 498 1227 641 1300; x_wconf 91' lang='lat' dir='ltr'><strong>„col.</strong></span> <span class='ocrx_word' id='word_1_68' title='bbox 688 1229 966 1306; x_wconf 86' lang='lat' dir='ltr'><strong>Augusta</strong></span> <span class='ocrx_word' id='word_1_69' title='bbox 999 1227 1227 1287; x_wconf 91' lang='lat' dir='ltr'><strong>Troas“</strong></span> <span class='ocrx_word' id='word_1_70' title='bbox 1272 1227 1571 1287; x_wconf 82' lang='lat' dir='ltr'><strong>audiebat.</strong></span> 
     </span>
    </p>
   </div>
   <div class='ocr_carea' id='block_1_3' title="bbox 1483 1378 1888 1450">
    <p class='ocr_par' dir='ltr' id='par_1_3' title="bbox 1483 1378 1888 1450">
     <span class='ocr_line' id='line_1_10' title="bbox 1483 1378 1888 1450; baseline -0.01 0"><span class='ocrx_word' id='word_1_71' title='bbox 1483 1378 1888 1450; x_wconf 66' lang='lat' dir='ltr'><strong>Galatia.</strong></span> 
     </span>
    </p>
   </div>
   <div class='ocr_carea' id='block_1_4' title="bbox 546 1517 2808 1604">
    <p class='ocr_par' dir='ltr' id='par_1_4' title="bbox 546 1517 2808 1604">
     <span class='ocr_line' id='line_1_11' title="bbox 546 1517 2808 1604; baseline -0.001 -20"><span class='ocrx_word' id='word_1_72' title='bbox 546 1520 652 1586; x_wconf 90' lang='lat'><strong>85.</strong></span> <span class='ocrx_word' id='word_1_73' title='bbox 704 1519 1057 1585; x_wconf 82' lang='lat' dir='ltr'><strong>Cremna</strong></span> <span class='ocrx_word' id='word_1_74' title='bbox 1110 1552 1175 1578; x_wconf 63' lang='grc' dir='ltr'>Σ</span> <span class='ocrx_word' id='word_1_75' title='bbox 1239 1523 1388 1585; x_wconf 91' lang='lat' dir='ltr'><strong>col.</strong></span> <span class='ocrx_word' id='word_1_76' title='bbox 1437 1521 1661 1604; x_wconf 92' lang='lat' dir='ltr'><strong>Julia</strong></span> <span class='ocrx_word' id='word_1_77' title='bbox 1711 1521 2095 1603; x_wconf 87' lang='lat' dir='ltr'><strong>Augusta</strong></span> <span class='ocrx_word' id='word_1_78' title='bbox 2152 1519 2389 1582; x_wconf 87' lang='lat' dir='ltr'><strong>Felix</strong></span> <span class='ocrx_word' id='word_1_79' title='bbox 2439 1517 2808 1583; x_wconf 82' lang='lat' dir='ltr'><strong>Cremna.</strong></span> 
     </span>
    </p>
   </div>
   <div class='ocr_carea' id='block_1_5' title="bbox 501 1625 2866 3330">
    <p class='ocr_par' dir='ltr' id='par_1_5' title="bbox 501 1625 2866 3330">
     <span class='ocr_line' id='line_1_12' title="bbox 628 1625 2857 1708; baseline -0.002 -18"><span class='ocrx_word' id='word_1_80' title='bbox 628 1629 906 1703; x_wconf 84' lang='lat' dir='ltr'><strong>Cremna,</strong></span> <span class='ocrx_word' id='word_1_81' title='bbox 952 1650 1136 1708; x_wconf 89' lang='lat' dir='ltr'><strong>prope</strong></span> <span class='ocrx_word' id='word_1_82' title='bbox 1181 1628 1540 1707; x_wconf 86' lang='lat' dir='ltr'><strong>Sagalasam</strong></span> <span class='ocrx_word' id='word_1_83' title='bbox 1596 1637 1653 1689; x_wconf 93' lang='lat' dir='ltr'><strong>et</strong></span> <span class='ocrx_word' id='word_1_84' title='bbox 1695 1628 1968 1689; x_wconf 88' lang='lat' dir='ltr'><strong>Cestrum</strong></span> <span class='ocrx_word' id='word_1_85' title='bbox 2017 1627 2241 1688; x_wconf 90' lang='lat' dir='ltr'><strong>flumen</strong></span> <span class='ocrx_word' id='word_1_86' title='bbox 2287 1627 2427 1700; x_wconf 91' lang='lat' dir='ltr'><strong>sita,</strong></span> <span class='ocrx_word' id='word_1_87' title='bbox 2476 1626 2635 1703; x_wconf 90' lang='lat' dir='ltr'><strong>apud</strong></span> <span class='ocrx_word' id='word_1_88' title='bbox 2696 1625 2857 1687; x_wconf 86' lang='lat' dir='ltr'><strong>Stra-</strong></span> 
     </span>
     <span class='ocr_line' id='line_1_13' title="bbox 502 1713 2855 1795; baseline -0.001 -21"><span class='ocrx_word' id='word_1_89' title='bbox 502 1715 716 1775; x_wconf 91' lang='lat' dir='ltr'><strong>bonem</strong></span> <span class='ocrx_word' id='word_1_90' title='bbox 764 1716 922 1778; x_wconf 69' lang='lat' dir='ltr'>«XII</span> <span class='ocrx_word' id='word_1_91' title='bbox 967 1736 1024 1795; x_wconf 93' lang='lat' dir='ltr'><strong>p.</strong></span> <span class='ocrx_word' id='word_1_92' title='bbox 1073 1717 1220 1792; x_wconf 83' lang='lat'>569)</span> <span class='ocrx_word' id='word_1_93' title='bbox 1265 1723 1325 1775; x_wconf 92' lang='lat' dir='ltr'><strong>et</strong></span> <span class='ocrx_word' id='word_1_94' title='bbox 1368 1713 1779 1774; x_wconf 77' lang='lat' dir='ltr'><strong>Ptolemaeum</strong></span> <span class='ocrx_word' id='word_1_95' title='bbox 1829 1713 1916 1786; x_wconf 73' lang='lat' dir='ltr'><strong>(V</strong></span> <span class='ocrx_word' id='word_1_96' title='bbox 1963 1714 2089 1792; x_wconf 86' lang='lat'><strong>5,8)</strong></span> <span class='ocrx_word' id='word_1_97' title='bbox 2136 1713 2377 1774; x_wconf 86' lang='lat' dir='ltr'><strong>colonia</strong></span> <span class='ocrx_word' id='word_1_98' title='bbox 2427 1713 2671 1785; x_wconf 90' lang='lat' dir='ltr'><strong>dicitur,</strong></span> <span class='ocrx_word' id='word_1_99' title='bbox 2717 1732 2855 1772; x_wconf 89' lang='lat' dir='ltr'><strong>cum</strong></span> 
     </span>
     <span class='ocr_line' id='line_1_14' title="bbox 501 1798 2859 1880; baseline -0.001 -20"><span class='ocrx_word' id='word_1_100' title='bbox 501 1800 739 1861; x_wconf 89' lang='lat' dir='ltr'><strong>Plinius</strong></span> <span class='ocrx_word' id='word_1_101' title='bbox 784 1800 1070 1880; x_wconf 91' lang='lat' dir='ltr'><strong>oppidum</strong></span> <span class='ocrx_word' id='word_1_102' title='bbox 1133 1801 1381 1860; x_wconf 93' lang='lat' dir='ltr'><strong>omnino</strong></span> <span class='ocrx_word' id='word_1_103' title='bbox 1442 1801 1717 1860; x_wconf 87' lang='lat' dir='ltr'><strong>omiserit.</strong></span> <span class='ocrx_word' id='word_1_104' title='bbox 1808 1800 1883 1859; x_wconf 96' lang='lat' dir='ltr'><strong>In</strong></span> <span class='ocrx_word' id='word_1_105' title='bbox 1950 1799 2212 1859; x_wconf 90' lang='lat' dir='ltr'><strong>nummis</strong></span> <span class='ocrx_word' id='word_1_106' title='bbox 2267 1819 2340 1859; x_wconf 82' lang='lat' dir='ltr'><strong>ex</strong></span> <span class='ocrx_word' id='word_1_107' title='bbox 2404 1798 2623 1860; x_wconf 86' lang='lat' dir='ltr'><strong>Severo</strong></span> <span class='ocrx_word' id='word_1_108' title='bbox 2669 1817 2859 1876; x_wconf 92' lang='lat' dir='ltr'><strong>usque</strong></span> 
     </span>
     <span class='ocr_line' id='line_1_15' title="bbox 503 1880 2857 1964; baseline -0.001 -18"><span class='ocrx_word' id='word_1_109' title='bbox 503 1884 580 1946; x_wconf 87' lang='lat' dir='ltr'><strong>ad</strong></span> <span class='ocrx_word' id='word_1_110' title='bbox 626 1887 1026 1947; x_wconf 87' lang='lat' dir='ltr'><strong>Aurelianum</strong></span> <span class='ocrx_word' id='word_1_111' title='bbox 1090 1886 1387 1964; x_wconf 91' lang='lat' dir='ltr'><strong>(Mionnet</strong></span> <span class='ocrx_word' id='word_1_112' title='bbox 1448 1885 1540 1945; x_wconf 96' lang='lat' dir='ltr'><strong>IlI</strong></span> <span class='ocrx_word' id='word_1_113' title='bbox 1582 1906 1619 1961; x_wconf 92' lang='lat' dir='ltr'><strong>p</strong></span> <span class='ocrx_word' id='word_1_114' title='bbox 1685 1888 1837 1957; x_wconf 85' lang='lat'>307;</span> <span class='ocrx_word' id='word_1_115' title='bbox 1902 1883 2082 1944; x_wconf 88' lang='lat' dir='ltr'><strong>Head</strong></span> <span class='ocrx_word' id='word_1_116' title='bbox 2129 1885 2209 1945; x_wconf 92' lang='lat' dir='ltr'><strong>H.</strong></span> <span class='ocrx_word' id='word_1_117' title='bbox 2254 1884 2333 1943; x_wconf 89' lang='lat' dir='ltr'><strong>N.</strong></span> <span class='ocrx_word' id='word_1_118' title='bbox 2377 1905 2432 1964; x_wconf 94' lang='lat' dir='ltr'><strong>p.</strong></span> <span class='ocrx_word' id='word_1_119' title='bbox 2481 1880 2857 1962; x_wconf 58' lang='lat' dir='ltr'><strong>590)&#39;atque</strong></span> 
     </span>
     <span class='ocr_line' id='line_1_16' title="bbox 502 1969 2862 2048; baseline -0.001 -18"><span class='ocrx_word' id='word_1_120' title='bbox 502 1972 567 2030; x_wconf 92' lang='lat' dir='ltr'><strong>in</strong></span> <span class='ocrx_word' id='word_1_121' title='bbox 618 1972 795 2032; x_wconf 89' lang='lat' dir='ltr'><strong>titulo</strong></span> <span class='ocrx_word' id='word_1_122' title='bbox 842 1972 1206 2044; x_wconf 88' lang='lat' dir='ltr'><strong>Cremnensi,</strong></span> <span class='ocrx_word' id='word_1_123' title='bbox 1253 1971 1366 2031; x_wconf 93' lang='lat' dir='ltr'><strong>sub</strong></span> <span class='ocrx_word' id='word_1_124' title='bbox 1413 1971 1736 2031; x_wconf 91' lang='lat' dir='ltr'><strong>Hadriano</strong></span> <span class='ocrx_word' id='word_1_125' title='bbox 1780 1969 2114 2048; x_wconf 88' lang='lat' dir='ltr'><strong>conscripto</strong></span> <span class='ocrx_word' id='word_1_126' title='bbox 2168 1969 2256 2042; x_wconf 93' lang='lat' dir='ltr'><strong>(C.</strong></span> <span class='ocrx_word' id='word_1_127' title='bbox 2307 1969 2423 2032; x_wconf 87' lang='lat'><strong>111.</strong></span> <span class='ocrx_word' id='word_1_128' title='bbox 2466 1970 2542 2032; x_wconf 91' lang='lat' dir='ltr'><strong>L.</strong></span> <span class='ocrx_word' id='word_1_129' title='bbox 2591 1969 2620 2028; x_wconf 94' lang='lat' dir='ltr'>I</span> <span class='ocrx_word' id='word_1_130' title='bbox 2655 1970 2862 2040; x_wconf 85' lang='lat'><strong>6874),</strong></span> 
     </span>
     <span class='ocr_line' id='line_1_17' title="bbox 503 2055 2856 2135; baseline -0.002 -19"><span class='ocrx_word' id='word_1_131' title='bbox 503 2057 792 2118; x_wconf 90' lang='lat' dir='ltr'><strong>sollemne</strong></span> <span class='ocrx_word' id='word_1_132' title='bbox 842 2077 1060 2118; x_wconf 91' lang='lat' dir='ltr'><strong>nomen</strong></span> <span class='ocrx_word' id='word_1_133' title='bbox 1118 2056 1262 2129; x_wconf 91' lang='lat' dir='ltr'><strong>„col.</strong></span> <span class='ocrx_word' id='word_1_134' title='bbox 1309 2056 1483 2118; x_wconf 81' lang='lat' dir='ltr'><strong>Julia</strong></span> <span class='ocrx_word' id='word_1_135' title='bbox 1541 2058 1825 2135; x_wconf 88' lang='lat' dir='ltr'><strong>Augusta</strong></span> <span class='ocrx_word' id='word_1_136' title='bbox 1879 2056 2054 2116; x_wconf 86' lang='lat' dir='ltr'><strong>Felix</strong></span> <span class='ocrx_word' id='word_1_137' title='bbox 2111 2055 2402 2116; x_wconf 88' lang='lat' dir='ltr'><strong>Cremna“</strong></span> <span class='ocrx_word' id='word_1_138' title='bbox 2460 2055 2737 2125; x_wconf 91' lang='lat' dir='ltr'><strong>occurrit;</strong></span> <span class='ocrx_word' id='word_1_139' title='bbox 2795 2055 2856 2112; x_wconf 92' lang='lat' dir='ltr'><strong>in</strong></span> 
     </span>
     <span class='ocr_line' id='line_1_18' title="bbox 504 2140 2858 2218; baseline -0.002 -16"><span class='ocrx_word' id='word_1_140' title='bbox 504 2142 622 2203; x_wconf 90' lang='lat' dir='ltr'><strong>alio</strong></span> <span class='ocrx_word' id='word_1_141' title='bbox 688 2143 863 2203; x_wconf 94' lang='lat' dir='ltr'><strong>titulo</strong></span> <span class='ocrx_word' id='word_1_142' title='bbox 925 2152 1155 2214; x_wconf 91' lang='lat' dir='ltr'><strong>autem,</strong></span> <span class='ocrx_word' id='word_1_143' title='bbox 1224 2142 1460 2202; x_wconf 87' lang='lat' dir='ltr'><strong>Nervae</strong></span> <span class='ocrx_word' id='word_1_144' title='bbox 1532 2150 1722 2203; x_wconf 78' lang='lat' dir='ltr'><strong>aetate</strong></span> <span class='ocrx_word' id='word_1_145' title='bbox 1765 2142 2099 2218; x_wconf 89' lang='lat' dir='ltr'><strong>conscripto</strong></span> <span class='ocrx_word' id='word_1_146' title='bbox 2152 2140 2240 2215; x_wconf 84' lang='lat' dir='ltr'><strong>(C.</strong></span> <span class='ocrx_word' id='word_1_147' title='bbox 2289 2140 2336 2200; x_wconf 94' lang='lat' dir='ltr'><strong>I.</strong></span> <span class='ocrx_word' id='word_1_148' title='bbox 2387 2140 2455 2200; x_wconf 94' lang='lat' dir='ltr'><strong>L.</strong></span> <span class='ocrx_word' id='word_1_149' title='bbox 2501 2142 2599 2199; x_wconf 93' lang='lat' dir='ltr'><strong>III</strong></span> <span class='ocrx_word' id='word_1_150' title='bbox 2648 2141 2858 2216; x_wconf 84' lang='lat'><strong>6873),</strong></span> 
     </span>
     <span class='ocr_line' id='line_1_19' title="bbox 506 2225 2855 2307; baseline -0.002 -20"><span class='ocrx_word' id='word_1_151' title='bbox 506 2237 684 2307; x_wconf 90' lang='lat' dir='ltr'><strong>atque</strong></span> <span class='ocrx_word' id='word_1_152' title='bbox 726 2229 790 2287; x_wconf 87' lang='lat' dir='ltr'><strong>in</strong></span> <span class='ocrx_word' id='word_1_153' title='bbox 836 2248 1082 2288; x_wconf 91' lang='lat' dir='ltr'><strong>nummo</strong></span> <span class='ocrx_word' id='word_1_154' title='bbox 1126 2227 1445 2307; x_wconf 88' lang='lat' dir='ltr'><strong>Elagabali</strong></span> <span class='ocrx_word' id='word_1_155' title='bbox 1494 2228 1799 2288; x_wconf 80' lang='lat' dir='ltr'><strong>‹Mionnet</strong></span> <span class='ocrx_word' id='word_1_156' title='bbox 1827 2227 1927 2287; x_wconf 95' lang='lat' dir='ltr'><strong>III</strong></span> <span class='ocrx_word' id='word_1_157' title='bbox 1955 2248 2011 2306; x_wconf 92' lang='lat' dir='ltr'><strong>p.</strong></span> <span class='ocrx_word' id='word_1_158' title='bbox 2047 2228 2198 2300; x_wconf 82' lang='lat'>307)</span> <span class='ocrx_word' id='word_1_159' title='bbox 2232 2225 2477 2299; x_wconf 84' lang='lat' dir='ltr'><strong>„Felix“</strong></span> <span class='ocrx_word' id='word_1_160' title='bbox 2522 2244 2855 2304; x_wconf 84' lang='lat' dir='ltr'><strong>cognomen</strong></span> 
     </span>
     <span class='ocr_line' id='line_1_20' title="bbox 505 2310 2859 2394; baseline -0.002 -21"><span class='ocrx_word' id='word_1_161' title='bbox 505 2312 681 2374; x_wconf 83' lang='lat' dir='ltr'><strong>deest.</strong></span> <span class='ocrx_word' id='word_1_162' title='bbox 768 2314 919 2375; x_wconf 89' lang='lat' dir='ltr'><strong>Cum</strong></span> <span class='ocrx_word' id='word_1_163' title='bbox 974 2314 1208 2374; x_wconf 81' lang='lat' dir='ltr'><strong>Plinius</strong></span> <span class='ocrx_word' id='word_1_164' title='bbox 1271 2315 1334 2373; x_wconf 93' lang='lat' dir='ltr'><strong>in</strong></span> <span class='ocrx_word' id='word_1_165' title='bbox 1400 2315 1714 2394; x_wconf 85' lang='lat' dir='ltr'><strong>Agrippae</strong></span> <span class='ocrx_word' id='word_1_166' title='bbox 1775 2313 2077 2373; x_wconf 87' lang='lat' dir='ltr'><strong>laterculis</strong></span> <span class='ocrx_word' id='word_1_167' title='bbox 2120 2311 2417 2385; x_wconf 87' lang='lat' dir='ltr'><strong>Galatiae,</strong></span> <span class='ocrx_word' id='word_1_168' title='bbox 2485 2331 2633 2391; x_wconf 88' lang='lat' dir='ltr'><strong>quos</strong></span> <span class='ocrx_word' id='word_1_169' title='bbox 2700 2310 2859 2369; x_wconf 90' lang='lat' dir='ltr'><strong>intra</strong></span> 
     </span>
     <span class='ocr_line' id='line_1_21' title="bbox 507 2397 2864 2480; baseline -0.001 -22"><span class='ocrx_word' id='word_1_170' title='bbox 507 2419 703 2459; x_wconf 86' lang='lat' dir='ltr'><strong>annos</strong></span> <span class='ocrx_word' id='word_1_171' title='bbox 752 2403 1003 2461; x_wconf 68' lang='grc'>27-12</span> <span class='ocrx_word' id='word_1_172' title='bbox 1050 2420 1177 2460; x_wconf 88' lang='lat' dir='ltr'><strong>esse</strong></span> <span class='ocrx_word' id='word_1_173' title='bbox 1221 2402 1588 2480; x_wconf 87' lang='lat' dir='ltr'><strong>conscriptos</strong></span> <span class='ocrx_word' id='word_1_174' title='bbox 1645 2399 1717 2460; x_wconf 92' lang='grc' dir='ltr'><strong>Ο.</strong></span> <span class='ocrx_word' id='word_1_175' title='bbox 1762 2398 2016 2478; x_wconf 82' lang='lat' dir='ltr'><strong>Cuntz1)</strong></span> <span class='ocrx_word' id='word_1_176' title='bbox 2081 2398 2361 2468; x_wconf 85' lang='lat' dir='ltr'><strong>ostendit,</strong></span> <span class='ocrx_word' id='word_1_177' title='bbox 2418 2397 2739 2458; x_wconf 91' lang='lat' dir='ltr'><strong>Cremnam</strong></span> <span class='ocrx_word' id='word_1_178' title='bbox 2803 2404 2864 2456; x_wconf 90' lang='lat' dir='ltr'><strong>et</strong></span> 
     </span>
     <span class='ocr_line' id='line_1_22' title="bbox 506 2482 2858 2565; baseline -0.002 -20"><span class='ocrx_word' id='word_1_179' title='bbox 506 2494 729 2545; x_wconf 88' lang='lat' dir='ltr'><strong>ceteras</strong></span> <span class='ocrx_word' id='word_1_180' title='bbox 805 2484 1086 2546; x_wconf 86' lang='lat' dir='ltr'><strong>Galatiae</strong></span> <span class='ocrx_word' id='word_1_181' title='bbox 1159 2484 1540 2565; x_wconf 88' lang='lat' dir='ltr'><strong>Pisidiaeque</strong></span> <span class='ocrx_word' id='word_1_182' title='bbox 1609 2484 1875 2545; x_wconf 88' lang='lat' dir='ltr'><strong>colonias</strong></span> <span class='ocrx_word' id='word_1_183' title='bbox 1954 2485 2215 2563; x_wconf 88' lang='lat' dir='ltr'><strong>Augusti</strong></span> <span class='ocrx_word' id='word_1_184' title='bbox 2299 2504 2422 2543; x_wconf 92' lang='lat' dir='ltr'><strong>non</strong></span> <span class='ocrx_word' id='word_1_185' title='bbox 2486 2482 2858 2543; x_wconf 87' lang='lat' dir='ltr'><strong>coloniarum</strong></span> 
     </span>
     <span class='ocr_line' id='line_1_23' title="bbox 506 2567 2857 2645; baseline -0.002 -13"><span class='ocrx_word' id='word_1_186' title='bbox 506 2571 637 2632; x_wconf 93' lang='lat' dir='ltr'><strong>loco</strong></span> <span class='ocrx_word' id='word_1_187' title='bbox 709 2571 924 2632; x_wconf 86' lang='lat' dir='ltr'><strong>citatas</strong></span> <span class='ocrx_word' id='word_1_188' title='bbox 999 2572 1318 2645; x_wconf 84' lang='lat' dir='ltr'><strong>invenerit,</strong></span> <span class='ocrx_word' id='word_1_189' title='bbox 1394 2571 1612 2635; x_wconf 82' lang='lat' dir='ltr'><strong>Strabo</strong></span> <span class='ocrx_word' id='word_1_190' title='bbox 1687 2580 1885 2631; x_wconf 88' lang='lat' dir='ltr'><strong>autem</strong></span> <span class='ocrx_word' id='word_1_191' title='bbox 1965 2570 2281 2632; x_wconf 87' lang='lat' dir='ltr'><strong>Cremnam</strong></span> <span class='ocrx_word' id='word_1_192' title='bbox 2364 2570 2483 2629; x_wconf 93' lang='lat' dir='ltr'><strong>iam</strong></span> <span class='ocrx_word' id='word_1_193' title='bbox 2559 2567 2857 2629; x_wconf 90' lang='lat' dir='ltr'><strong>coloniam</strong></span> 
     </span>
     <span class='ocr_line' id='line_1_24' title="bbox 508 2654 2858 2730; baseline -0.002 -14"><span class='ocrx_word' id='word_1_194' title='bbox 508 2657 690 2730; x_wconf 88' lang='lat' dir='ltr'><strong>dicat,</strong></span> <span class='ocrx_word' id='word_1_195' title='bbox 758 2657 1049 2717; x_wconf 89' lang='lat' dir='ltr'><strong>coloniam</strong></span> <span class='ocrx_word' id='word_1_196' title='bbox 1120 2678 1188 2718; x_wconf 93' lang='lat' dir='ltr'><strong>eo</strong></span> <span class='ocrx_word' id='word_1_197' title='bbox 1256 2658 1414 2719; x_wconf 89' lang='lat' dir='ltr'><strong>intra</strong></span> <span class='ocrx_word' id='word_1_198' title='bbox 1482 2677 1673 2718; x_wconf 89' lang='lat' dir='ltr'><strong>annos</strong></span> <span class='ocrx_word' id='word_1_199' title='bbox 1747 2658 1822 2716; x_wconf 93' lang='grc'><strong>12</strong></span> <span class='ocrx_word' id='word_1_200' title='bbox 1879 2677 1916 2716; x_wconf 91' lang='lat' dir='ltr'><strong>a</strong></span> <span class='ocrx_word' id='word_1_201' title='bbox 1970 2656 2107 2718; x_wconf 87' lang='lat' dir='ltr'><strong>Chr.</strong></span> <span class='ocrx_word' id='word_1_202' title='bbox 2153 2677 2211 2715; x_wconf 92' lang='lat' dir='ltr'><strong>n.</strong></span> <span class='ocrx_word' id='word_1_203' title='bbox 2258 2692 2341 2699; x_wconf 92' lang='lat'>—</span> <span class='ocrx_word' id='word_1_204' title='bbox 2391 2658 2467 2716; x_wconf 84' lang='lat'><strong>14</strong></span> <span class='ocrx_word' id='word_1_205' title='bbox 2512 2675 2566 2730; x_wconf 91' lang='lat' dir='ltr'><strong>p.</strong></span> <span class='ocrx_word' id='word_1_206' title='bbox 2613 2654 2752 2715; x_wconf 87' lang='lat' dir='ltr'><strong>Chr.</strong></span> <span class='ocrx_word' id='word_1_207' title='bbox 2799 2675 2858 2713; x_wconf 94' lang='lat' dir='ltr'><strong>n.</strong></span> 
     </span>
     <span class='ocr_line' id='line_1_25' title="bbox 508 2739 2856 2821; baseline -0.002 -18"><span class='ocrx_word' id='word_1_208' title='bbox 508 2742 827 2803; x_wconf 90' lang='lat' dir='ltr'><strong>deductam</strong></span> <span class='ocrx_word' id='word_1_209' title='bbox 874 2763 1000 2803; x_wconf 89' lang='lat' dir='ltr'><strong>esse</strong></span> <span class='ocrx_word' id='word_1_210' title='bbox 1043 2742 1357 2819; x_wconf 89' lang='lat' dir='ltr'><strong>probabile</strong></span> <span class='ocrx_word' id='word_1_211' title='bbox 1410 2753 1512 2805; x_wconf 86' lang='lat' dir='ltr'><strong>est.</strong></span> <span class='ocrx_word' id='word_1_212' title='bbox 1604 2744 1916 2821; x_wconf 89' lang='lat' dir='ltr'><strong>Augustus</strong></span> <span class='ocrx_word' id='word_1_213' title='bbox 1963 2741 2259 2803; x_wconf 90' lang='lat' dir='ltr'><strong>Cremnae</strong></span> <span class='ocrx_word' id='word_1_214' title='bbox 2305 2743 2440 2801; x_wconf 90' lang='lat' dir='ltr'><strong>item</strong></span> <span class='ocrx_word' id='word_1_215' title='bbox 2472 2761 2543 2801; x_wconf 89' lang='lat' dir='ltr'><strong>ac</strong></span> <span class='ocrx_word' id='word_1_216' title='bbox 2580 2739 2856 2818; x_wconf 89' lang='lat' dir='ltr'><strong>plurimis</strong></span> 
     </span>
     <span class='ocr_line' id='line_1_26' title="bbox 510 2826 2855 2908; baseline -0.003 -18"><span class='ocrx_word' id='word_1_217' title='bbox 510 2828 793 2890; x_wconf 87' lang='lat' dir='ltr'><strong>Galatiae</strong></span> <span class='ocrx_word' id='word_1_218' title='bbox 838 2829 1089 2889; x_wconf 91' lang='lat' dir='ltr'><strong>coloniis</strong></span> <span class='ocrx_word' id='word_1_219' title='bbox 1134 2838 1371 2908; x_wconf 90' lang='lat' dir='ltr'><strong>praeter</strong></span> <span class='ocrx_word' id='word_1_220' title='bbox 1414 2831 1802 2906; x_wconf 87' lang='lat' dir='ltr'><strong>„Augustae“</strong></span> <span class='ocrx_word' id='word_1_221' title='bbox 1849 2829 2024 2887; x_wconf 86' lang='lat' dir='ltr'><strong>etiam</strong></span> <span class='ocrx_word' id='word_1_222' title='bbox 2057 2827 2333 2901; x_wconf 81' lang='lat' dir='ltr'><strong>„Juliae“</strong></span> <span class='ocrx_word' id='word_1_223' title='bbox 2376 2846 2707 2905; x_wconf 82' lang='lat' dir='ltr'><strong>cognomen</strong></span> <span class='ocrx_word' id='word_1_224' title='bbox 2752 2826 2855 2884; x_wconf 91' lang='lat' dir='ltr'><strong>im-</strong></span> 
     </span>
     <span class='ocr_line' id='line_1_27' title="bbox 509 2912 2865 2994; baseline -0.002 -20"><span class='ocrx_word' id='word_1_225' title='bbox 509 2915 731 2993; x_wconf 81' lang='lat' dir='ltr'><strong>posuit3</strong></span> <span class='ocrx_word' id='word_1_226' title='bbox 777 2914 945 2975; x_wconf 90' lang='lat' dir='ltr'><strong>haud</strong></span> <span class='ocrx_word' id='word_1_227' title='bbox 989 2915 1111 2975; x_wconf 90' lang='lat' dir='ltr'><strong>scio</strong></span> <span class='ocrx_word' id='word_1_228' title='bbox 1157 2935 1235 2974; x_wconf 90' lang='lat' dir='ltr'><strong>an</strong></span> <span class='ocrx_word' id='word_1_229' title='bbox 1282 2914 1393 2974; x_wconf 90' lang='lat' dir='ltr'><strong>illa</strong></span> <span class='ocrx_word' id='word_1_230' title='bbox 1425 2914 1651 2994; x_wconf 88' lang='lat' dir='ltr'><strong>oppida</strong></span> <span class='ocrx_word' id='word_1_231' title='bbox 1681 2914 1800 2973; x_wconf 87' lang='lat' dir='ltr'><strong>iam</strong></span> <span class='ocrx_word' id='word_1_232' title='bbox 1834 2912 2108 2973; x_wconf 85' lang='lat' dir='ltr'><strong>Caesaris</strong></span> <span class='ocrx_word' id='word_1_233' title='bbox 2155 2921 2363 2984; x_wconf 87' lang='lat' dir='ltr'><strong>aetate,</strong></span> <span class='ocrx_word' id='word_1_234' title='bbox 2409 2912 2503 2972; x_wconf 89' lang='lat' dir='ltr'><strong>vel</strong></span> <span class='ocrx_word' id='word_1_235' title='bbox 2539 2920 2692 2971; x_wconf 86' lang='lat' dir='ltr'><strong>certe</strong></span> <span class='ocrx_word' id='word_1_236' title='bbox 2721 2920 2865 2971; x_wconf 90' lang='lat' dir='ltr'><strong>ante</strong></span> 
     </span>
     <span class='ocr_line' id='line_1_28' title="bbox 512 2995 2866 3075; baseline -0.002 -15"><span class='ocrx_word' id='word_1_237' title='bbox 512 3021 738 3060; x_wconf 88' lang='lat' dir='ltr'><strong>annum</strong></span> <span class='ocrx_word' id='word_1_238' title='bbox 799 3002 876 3059; x_wconf 83' lang='lat'><strong>27</strong></span> <span class='ocrx_word' id='word_1_239' title='bbox 937 3000 1013 3060; x_wconf 89' lang='lat' dir='ltr'><strong>ad</strong></span> <span class='ocrx_word' id='word_1_240' title='bbox 1078 3000 1462 3060; x_wconf 89' lang='lat' dir='ltr'><strong>deducendas</strong></span> <span class='ocrx_word' id='word_1_241' title='bbox 1523 3000 1793 3060; x_wconf 90' lang='lat' dir='ltr'><strong>colonias</strong></span> <span class='ocrx_word' id='word_1_242' title='bbox 1858 2999 2157 3059; x_wconf 86' lang='lat' dir='ltr'><strong>destinata</strong></span> <span class='ocrx_word' id='word_1_243' title='bbox 2219 2997 2443 3058; x_wconf 88' lang='lat' dir='ltr'><strong>fuerint</strong></span> <span class='ocrx_word' id='word_1_244' title='bbox 2510 3008 2686 3075; x_wconf 90' lang='lat' dir='ltr'><strong>atque</strong></span> <span class='ocrx_word' id='word_1_245' title='bbox 2752 2995 2866 3056; x_wconf 86' lang='lat' dir='ltr'><strong>illa</strong></span> 
     </span>
     <span class='ocr_line' id='line_1_29' title="bbox 511 3083 2860 3164; baseline -0.003 -19"><span class='ocrx_word' id='word_1_246' title='bbox 511 3086 584 3146; x_wconf 91' lang='lat' dir='ltr'><strong>de</strong></span> <span class='ocrx_word' id='word_1_247' title='bbox 627 3105 813 3146; x_wconf 89' lang='lat' dir='ltr'><strong>causa</strong></span> <span class='ocrx_word' id='word_1_248' title='bbox 857 3085 1136 3159; x_wconf 85' lang='lat' dir='ltr'><strong>„Juliae“</strong></span> <span class='ocrx_word' id='word_1_249' title='bbox 1185 3106 1516 3164; x_wconf 87' lang='lat' dir='ltr'><strong>cognomen</strong></span> <span class='ocrx_word' id='word_1_250' title='bbox 1581 3085 1934 3163; x_wconf 90' lang='lat' dir='ltr'><strong>acceperint.</strong></span> <span class='ocrx_word' id='word_1_251' title='bbox 2024 3084 2370 3163; x_wconf 89' lang='lat' dir='ltr'><strong>Cognomen</strong></span> <span class='ocrx_word' id='word_1_252' title='bbox 2417 3083 2663 3156; x_wconf 85' lang='lat' dir='ltr'><strong>„Felix“</strong></span> <span class='ocrx_word' id='word_1_253' title='bbox 2715 3101 2860 3142; x_wconf 91' lang='lat' dir='ltr'><strong>num</strong></span> 
     </span>
     <span class='ocr_line' id='line_1_30' title="bbox 513 3167 2862 3249; baseline -0.003 -18"><span class='ocrx_word' id='word_1_254' title='bbox 513 3172 590 3231; x_wconf 91' lang='lat' dir='ltr'><strong>ab</strong></span> <span class='ocrx_word' id='word_1_255' title='bbox 657 3175 935 3249; x_wconf 89' lang='lat' dir='ltr'><strong>Augusto</strong></span> <span class='ocrx_word' id='word_1_256' title='bbox 1005 3172 1210 3231; x_wconf 89' lang='lat' dir='ltr'><strong>datum</strong></span> <span class='ocrx_word' id='word_1_257' title='bbox 1279 3173 1358 3231; x_wconf 92' lang='lat' dir='ltr'><strong>sit</strong></span> <span class='ocrx_word' id='word_1_258' title='bbox 1422 3171 1705 3244; x_wconf 89' lang='lat' dir='ltr'><strong>coloniae,</strong></span> <span class='ocrx_word' id='word_1_259' title='bbox 1753 3171 1980 3249; x_wconf 89' lang='lat' dir='ltr'><strong>ignor0.</strong></span> <span class='ocrx_word' id='word_1_260' title='bbox 2069 3169 2338 3247; x_wconf 90' lang='lat' dir='ltr'><strong>Volgare</strong></span> <span class='ocrx_word' id='word_1_261' title='bbox 2383 3189 2604 3229; x_wconf 92' lang='lat' dir='ltr'><strong>nomen</strong></span> <span class='ocrx_word' id='word_1_262' title='bbox 2653 3167 2862 3246; x_wconf 88' lang='lat' dir='ltr'><strong>oppidi</strong></span> 
     </span>
     <span class='ocr_line' id='line_1_31' title="bbox 512 3257 1246 3330; baseline 0 -13"><span class='ocrx_word' id='word_1_263' title='bbox 512 3267 639 3317; x_wconf 92' lang='lat' dir='ltr'><strong>erat</strong></span> <span class='ocrx_word' id='word_1_264' title='bbox 681 3257 857 3317; x_wconf 88' lang='lat' dir='ltr'><strong>modo</strong></span> <span class='ocrx_word' id='word_1_265' title='bbox 897 3257 1246 3330; x_wconf 89' lang='lat' dir='ltr'><strong>„Cremna“.</strong></span> 
     </span>
    </p>
   </div>
   <div class='ocr_carea' id='block_1_6' title="bbox 602 3388 2769 3477">
    <p class='ocr_par' dir='ltr' id='par_1_6' title="bbox 602 3388 2769 3477">
     <span class='ocr_line' id='line_1_32' title="bbox 602 3388 2769 3477; baseline -0.002 -22"><span class='ocrx_word' id='word_1_266' title='bbox 602 3391 706 3455; x_wconf 84' lang='grc'><strong>86.</strong></span> <span class='ocrx_word' id='word_1_267' title='bbox 770 3390 1143 3456; x_wconf 83' lang='lat' dir='ltr'><strong>Olbasa</strong></span> <span class='ocrx_word' id='word_1_268' title='bbox 1195 3422 1266 3449; x_wconf 74' lang='lat' dir='ltr'><strong>:z</strong></span> <span class='ocrx_word' id='word_1_269' title='bbox 1324 3395 1495 3456; x_wconf 91' lang='lat' dir='ltr'><strong>col.</strong></span> <span class='ocrx_word' id='word_1_270' title='bbox 1545 3391 1811 3474; x_wconf 88' lang='lat' dir='ltr'><strong>Julia</strong></span> <span class='ocrx_word' id='word_1_271' title='bbox 1877 3390 2323 3477; x_wconf 87' lang='lat' dir='ltr'><strong>Augusta</strong></span> <span class='ocrx_word' id='word_1_272' title='bbox 2380 3388 2769 3453; x_wconf 89' lang='lat' dir='ltr'><strong>Olbasa.</strong></span> 
     </span>
    </p>
   </div>
   <div class='ocr_carea' id='block_1_7' title="bbox 512 3496 2870 4263">
    <p class='ocr_par' dir='ltr' id='par_1_7' title="bbox 512 3496 2870 4263">
     <span class='ocr_line' id='line_1_33' title="bbox 642 3496 2862 3579; baseline -0.003 -19"><span class='ocrx_word' id='word_1_273' title='bbox 642 3499 890 3572; x_wconf 88' lang='lat' dir='ltr'><strong>Olbasa,</strong></span> <span class='ocrx_word' id='word_1_274' title='bbox 936 3520 1092 3579; x_wconf 90' lang='lat' dir='ltr'><strong>quae</strong></span> <span class='ocrx_word' id='word_1_275' title='bbox 1135 3521 1170 3560; x_wconf 88' lang='lat' dir='ltr'><strong>a</strong></span> <span class='ocrx_word' id='word_1_276' title='bbox 1215 3499 1478 3560; x_wconf 88' lang='lat' dir='ltr'><strong>Cremna</strong></span> <span class='ocrx_word' id='word_1_277' title='bbox 1519 3500 1580 3558; x_wconf 89' lang='lat' dir='ltr'><strong>in</strong></span> <span class='ocrx_word' id='word_1_278' title='bbox 1628 3518 1932 3571; x_wconf 90' lang='lat' dir='ltr'><strong>occasum,</strong></span> <span class='ocrx_word' id='word_1_279' title='bbox 1989 3497 2066 3557; x_wconf 89' lang='lat' dir='ltr'><strong>ab</strong></span> <span class='ocrx_word' id='word_1_280' title='bbox 2127 3497 2405 3573; x_wconf 79' lang='lat' dir='ltr'><strong>Apamea</strong></span> <span class='ocrx_word' id='word_1_281' title='bbox 2447 3497 2511 3555; x_wconf 91' lang='lat' dir='ltr'><strong>in</strong></span> <span class='ocrx_word' id='word_1_282' title='bbox 2558 3496 2862 3556; x_wconf 87' lang='lat' dir='ltr'><strong>meridiem</strong></span> 
     </span>
     <span class='ocr_line' id='line_1_34' title="bbox 512 3582 2865 3663; baseline -0.002 -18"><span class='ocrx_word' id='word_1_283' title='bbox 512 3585 809 3663; x_wconf 86' lang='lat' dir='ltr'><strong>vergebat,</strong></span> <span class='ocrx_word' id='word_1_284' title='bbox 853 3586 1012 3663; x_wconf 86' lang='lat' dir='ltr'><strong>apud</strong></span> <span class='ocrx_word' id='word_1_285' title='bbox 1057 3585 1467 3646; x_wconf 89' lang='lat' dir='ltr'><strong>Ptolemaeum</strong></span> <span class='ocrx_word' id='word_1_286' title='bbox 1499 3584 1653 3644; x_wconf 88' lang='lat' dir='ltr'><strong>false</strong></span> <span class='ocrx_word' id='word_1_287' title='bbox 1683 3584 2055 3644; x_wconf 89' lang='lat' dir='ltr'><strong>coloniarum</strong></span> <span class='ocrx_word' id='word_1_288' title='bbox 2100 3584 2161 3642; x_wconf 87' lang='lat' dir='ltr'><strong>in</strong></span> <span class='ocrx_word' id='word_1_289' title='bbox 2196 3603 2444 3643; x_wconf 88' lang='lat' dir='ltr'><strong>numero</strong></span> <span class='ocrx_word' id='word_1_290' title='bbox 2474 3602 2600 3642; x_wconf 91' lang='lat' dir='ltr'><strong>non</strong></span> <span class='ocrx_word' id='word_1_291' title='bbox 2632 3582 2865 3654; x_wconf 87' lang='lat' dir='ltr'><strong>citatur,</strong></span> 
     </span>
     <span class='ocr_line' id='line_1_35' title="bbox 516 3669 2863 3748; baseline -0.001 -18"><span class='ocrx_word' id='word_1_292' title='bbox 516 3691 649 3730; x_wconf 92' lang='lat' dir='ltr'><strong>cum</strong></span> <span class='ocrx_word' id='word_1_293' title='bbox 707 3670 769 3729; x_wconf 93' lang='lat' dir='ltr'><strong>in</strong></span> <span class='ocrx_word' id='word_1_294' title='bbox 835 3671 1025 3731; x_wconf 85' lang='lat' dir='ltr'><strong>titulis</strong></span> <span class='ocrx_word' id='word_1_295' title='bbox 1090 3671 1414 3732; x_wconf 91' lang='lat' dir='ltr'><strong>Olbasenis</strong></span> <span class='ocrx_word' id='word_1_296' title='bbox 1485 3670 1572 3748; x_wconf 86' lang='lat' dir='ltr'><strong>(C.</strong></span> <span class='ocrx_word' id='word_1_297' title='bbox 1621 3669 1668 3730; x_wconf 93' lang='grc' dir='ltr'><strong>Ι.</strong></span> <span class='ocrx_word' id='word_1_298' title='bbox 1714 3669 1785 3728; x_wconf 94' lang='lat' dir='ltr'><strong>L.</strong></span> <span class='ocrx_word' id='word_1_299' title='bbox 1830 3669 1930 3729; x_wconf 95' lang='lat' dir='ltr'><strong>III</strong></span> <span class='ocrx_word' id='word_1_300' title='bbox 1977 3670 2158 3742; x_wconf 83' lang='lat'><strong>6888,</strong></span> <span class='ocrx_word' id='word_1_301' title='bbox 2209 3670 2390 3742; x_wconf 88' lang='grc'>6889,</span> <span class='ocrx_word' id='word_1_302' title='bbox 2439 3670 2620 3740; x_wconf 89' lang='grc'>6891,</span> <span class='ocrx_word' id='word_1_303' title='bbox 2669 3669 2863 3741; x_wconf 91' lang='grc'>6892)</span> 
     </span>
     <span class='ocr_line' id='line_1_36' title="bbox 517 3753 2863 3832; baseline -0.001 -17"><span class='ocrx_word' id='word_1_304' title='bbox 517 3765 623 3815; x_wconf 91' lang='lat' dir='ltr'><strong>aut</strong></span> <span class='ocrx_word' id='word_1_305' title='bbox 671 3756 944 3828; x_wconf 89' lang='lat' dir='ltr'><strong>„colonia</strong></span> <span class='ocrx_word' id='word_1_306' title='bbox 999 3756 1348 3817; x_wconf 88' lang='lat' dir='ltr'><strong>Olbasena“</strong></span> <span class='ocrx_word' id='word_1_307' title='bbox 1405 3765 1542 3816; x_wconf 89' lang='lat' dir='ltr'><strong>aut:</strong></span> <span class='ocrx_word' id='word_1_308' title='bbox 1596 3754 1869 3828; x_wconf 90' lang='lat' dir='ltr'><strong>„colonia</strong></span> <span class='ocrx_word' id='word_1_309' title='bbox 1921 3754 2094 3816; x_wconf 84' lang='lat' dir='ltr'><strong>Julia</strong></span> <span class='ocrx_word' id='word_1_310' title='bbox 2148 3753 2511 3826; x_wconf 82' lang='lat' dir='ltr'><strong>Olbasena“,</strong></span> <span class='ocrx_word' id='word_1_311' title='bbox 2568 3763 2746 3832; x_wconf 88' lang='lat' dir='ltr'><strong>atque</strong></span> <span class='ocrx_word' id='word_1_312' title='bbox 2797 3754 2863 3812; x_wconf 90' lang='lat' dir='ltr'><strong>in</strong></span> 
     </span>
     <span class='ocr_line' id='line_1_37' title="bbox 517 3839 2866 3921; baseline -0 -22"><span class='ocrx_word' id='word_1_313' title='bbox 517 3843 778 3901; x_wconf 91' lang='lat' dir='ltr'><strong>nummis</strong></span> <span class='ocrx_word' id='word_1_314' title='bbox 821 3862 895 3902; x_wconf 84' lang='lat' dir='ltr'><strong>ex</strong></span> <span class='ocrx_word' id='word_1_315' title='bbox 955 3843 1271 3902; x_wconf 92' lang='lat' dir='ltr'><strong>Antonino</strong></span> <span class='ocrx_word' id='word_1_316' title='bbox 1338 3862 1525 3921; x_wconf 91' lang='lat' dir='ltr'><strong>usque</strong></span> <span class='ocrx_word' id='word_1_317' title='bbox 1585 3841 1662 3900; x_wconf 90' lang='lat' dir='ltr'><strong>ad</strong></span> <span class='ocrx_word' id='word_1_318' title='bbox 1726 3839 2135 3901; x_wconf 88' lang='lat' dir='ltr'><strong>Volusianum</strong></span> <span class='ocrx_word' id='word_1_319' title='bbox 2199 3839 2460 3913; x_wconf 70' lang='lat' dir='ltr'><strong>(Eckhel</strong></span> <span class='ocrx_word' id='word_1_320' title='bbox 2517 3839 2620 3898; x_wconf 80' lang='grc' dir='ltr'><strong>ΙΙΙ</strong></span> <span class='ocrx_word' id='word_1_321' title='bbox 2662 3859 2718 3917; x_wconf 98' lang='lat' dir='ltr'><strong>p.</strong></span> <span class='ocrx_word' id='word_1_322' title='bbox 2767 3839 2866 3911; x_wconf 89' lang='grc'><strong>20,</strong></span> 
     </span>
     <span class='ocr_line' id='line_1_38' title="bbox 515 3924 2865 4006; baseline -0.001 -20"><span class='ocrx_word' id='word_1_323' title='bbox 515 3928 689 3986; x_wconf 90' lang='lat' dir='ltr'><strong>Head</strong></span> <span class='ocrx_word' id='word_1_324' title='bbox 736 3927 820 3986; x_wconf 94' lang='lat' dir='ltr'><strong>H.</strong></span> <span class='ocrx_word' id='word_1_325' title='bbox 865 3927 943 3987; x_wconf 90' lang='lat' dir='ltr'><strong>N.</strong></span> <span class='ocrx_word' id='word_1_326' title='bbox 989 3948 1044 4006; x_wconf 93' lang='lat' dir='ltr'><strong>p.</strong></span> <span class='ocrx_word' id='word_1_327' title='bbox 1093 3930 1267 4004; x_wconf 86' lang='lat'>591):</span> <span class='ocrx_word' id='word_1_328' title='bbox 1334 3928 1479 4000; x_wconf 89' lang='lat' dir='ltr'><strong>„col</strong></span> <span class='ocrx_word' id='word_1_329' title='bbox 1526 3926 1698 3988; x_wconf 81' lang='lat' dir='ltr'><strong>Julia</strong></span> <span class='ocrx_word' id='word_1_330' title='bbox 1757 3928 2036 4004; x_wconf 90' lang='lat' dir='ltr'><strong>Augusta</strong></span> <span class='ocrx_word' id='word_1_331' title='bbox 2092 3925 2441 3987; x_wconf 86' lang='lat' dir='ltr'><strong>Olbasena“</strong></span> <span class='ocrx_word' id='word_1_332' title='bbox 2494 3945 2597 3984; x_wconf 90' lang='lat' dir='ltr'><strong>seu</strong></span> <span class='ocrx_word' id='word_1_333' title='bbox 2641 3924 2865 3997; x_wconf 91' lang='lat' dir='ltr'><strong>„Olba-</strong></span> 
     </span>
     <span class='ocr_line' id='line_1_39' title="bbox 516 4011 2864 4090; baseline -0.001 -18"><span class='ocrx_word' id='word_1_334' title='bbox 516 4012 706 4073; x_wconf 89' lang='lat' dir='ltr'><strong>bena“</strong></span> <span class='ocrx_word' id='word_1_335' title='bbox 753 4013 976 4073; x_wconf 89' lang='lat' dir='ltr'><strong>audiat.</strong></span> <span class='ocrx_word' id='word_1_336' title='bbox 1066 4013 1354 4074; x_wconf 88' lang='lat' dir='ltr'><strong>Olbasam</strong></span> <span class='ocrx_word' id='word_1_337' title='bbox 1414 4014 1552 4073; x_wconf 89' lang='lat' dir='ltr'><strong>item</strong></span> <span class='ocrx_word' id='word_1_338' title='bbox 1619 4021 1798 4090; x_wconf 88' lang='lat' dir='ltr'><strong>atque</strong></span> <span class='ocrx_word' id='word_1_339' title='bbox 1860 4011 2184 4072; x_wconf 88' lang='lat' dir='ltr'><strong>Cremnam</strong></span> <span class='ocrx_word' id='word_1_340' title='bbox 2243 4012 2404 4070; x_wconf 90' lang='lat' dir='ltr'><strong>intra</strong></span> <span class='ocrx_word' id='word_1_341' title='bbox 2445 4030 2638 4071; x_wconf 89' lang='lat' dir='ltr'><strong>annos</strong></span> <span class='ocrx_word' id='word_1_342' title='bbox 2688 4013 2763 4070; x_wconf 91' lang='grc'><strong>12</strong></span> <span class='ocrx_word' id='word_1_343' title='bbox 2813 4030 2864 4069; x_wconf 88' lang='lat' dir='ltr'><strong>a.</strong></span> 
     </span>
     <span class='ocr_line' id='line_1_40' title="bbox 518 4095 2870 4178; baseline -0.002 -19"><span class='ocrx_word' id='word_1_344' title='bbox 518 4098 657 4159; x_wconf 90' lang='lat' dir='ltr'><strong>Chr.</strong></span> <span class='ocrx_word' id='word_1_345' title='bbox 704 4120 762 4158; x_wconf 91' lang='lat' dir='ltr'><strong>n.</strong></span> <span class='ocrx_word' id='word_1_346' title='bbox 814 4134 888 4142; x_wconf 85' lang='lat'><strong>—-</strong></span> <span class='ocrx_word' id='word_1_347' title='bbox 942 4102 1018 4159; x_wconf 89' lang='grc'><strong>14</strong></span> <span class='ocrx_word' id='word_1_348' title='bbox 1063 4120 1123 4178; x_wconf 92' lang='lat' dir='ltr'><strong>p.</strong></span> <span class='ocrx_word' id='word_1_349' title='bbox 1169 4099 1309 4160; x_wconf 89' lang='lat' dir='ltr'><strong>Chr.</strong></span> <span class='ocrx_word' id='word_1_350' title='bbox 1342 4120 1401 4159; x_wconf 92' lang='lat' dir='ltr'><strong>n.</strong></span> <span class='ocrx_word' id='word_1_351' title='bbox 1448 4098 1526 4158; x_wconf 89' lang='lat' dir='ltr'><strong>ab</strong></span> <span class='ocrx_word' id='word_1_352' title='bbox 1571 4099 1850 4176; x_wconf 88' lang='lat' dir='ltr'><strong>Augusto</strong></span> <span class='ocrx_word' id='word_1_353' title='bbox 1898 4096 2139 4157; x_wconf 90' lang='lat' dir='ltr'><strong>colonia</strong></span> <span class='ocrx_word' id='word_1_354' title='bbox 2182 4097 2435 4157; x_wconf 89' lang='lat' dir='ltr'><strong>deducta</strong></span> <span class='ocrx_word' id='word_1_355' title='bbox 2482 4106 2588 4175; x_wconf 90' lang='lat' dir='ltr'><strong>est,</strong></span> <span class='ocrx_word' id='word_1_356' title='bbox 2636 4098 2729 4156; x_wconf 89' lang='lat' dir='ltr'><strong>cui</strong></span> <span class='ocrx_word' id='word_1_357' title='bbox 2763 4095 2870 4155; x_wconf 91' lang='lat' dir='ltr'><strong>ille</strong></span> 
     </span>
     <span class='ocr_line' id='line_1_41' title="bbox 516 4183 2053 4263; baseline -0.002 -19"><span class='ocrx_word' id='word_1_358' title='bbox 516 4183 871 4263; x_wconf 87' lang='lat' dir='ltr'><strong>cognomina</strong></span> <span class='ocrx_word' id='word_1_359' title='bbox 912 4184 1188 4257; x_wconf 81' lang='lat' dir='ltr'><strong>„Juliae“</strong></span> <span class='ocrx_word' id='word_1_360' title='bbox 1229 4193 1287 4244; x_wconf 96' lang='lat' dir='ltr'><strong>et</strong></span> <span class='ocrx_word' id='word_1_361' title='bbox 1327 4186 1714 4263; x_wconf 86' lang='lat' dir='ltr'><strong>„Augustae“</strong></span> <span class='ocrx_word' id='word_1_362' title='bbox 1757 4183 2053 4263; x_wconf 90' lang='lat' dir='ltr'><strong>imposuit.</strong></span> 
     </span>
    </p>
   </div>
   <div class='ocr_carea' id='block_1_8' title="bbox 542 4316 1883 4402">
    <p class='ocr_par' dir='ltr' id='par_1_8' title="bbox 542 4316 1883 4402">
     <span class='ocr_line' id='line_1_42' title="bbox 542 4316 1883 4402; baseline 0.004 -34"><span class='ocrx_word' id='word_1_363' title='bbox 542 4399 545 4402; x_wconf 17' lang='grc' dir='ltr'><strong><em>Δ</em></strong></span> <span class='ocrx_word' id='word_1_364' title='bbox 660 4321 699 4387; x_wconf 79' lang='lat'><strong>¹)</strong></span> <span class='ocrx_word' id='word_1_365' title='bbox 733 4320 916 4372; x_wconf 88' lang='lat' dir='ltr'><strong>Jahrb.</strong></span> <span class='ocrx_word' id='word_1_366' title='bbox 953 4320 986 4370; x_wconf 80' lang='lat' dir='ltr'><strong>f.</strong></span> <span class='ocrx_word' id='word_1_367' title='bbox 1024 4319 1212 4371; x_wconf 91' lang='lat' dir='ltr'><strong>Philol.</strong></span> <span class='ocrx_word' id='word_1_368' title='bbox 1253 4319 1432 4385; x_wconf 86' lang='lat' dir='ltr'><strong>Suppl.</strong></span> <span class='ocrx_word' id='word_1_369' title='bbox 1471 4318 1639 4370; x_wconf 89' lang='lat' dir='ltr'><strong>XVII</strong></span> <span class='ocrx_word' id='word_1_370' title='bbox 1679 4336 1728 4384; x_wconf 89' lang='lat' dir='ltr'><strong>p.</strong></span> <span class='ocrx_word' id='word_1_371' title='bbox 1767 4316 1883 4373; x_wconf 78' lang='lat'><strong>522.</strong></span> 
     </span>
    </p>
   </div>
   <div class='ocr_carea' id='block_1_9' title="bbox 521 4288 922 4297">
    <p class='ocr_par' dir='ltr' id='par_1_9' title="bbox 521 4288 922 4297">
     <span class='ocr_line' id='line_1_43' title="bbox 521 4288 922 4297; baseline 0 896"><span class='ocrx_word' id='word_1_372' title='bbox 521 4288 922 4297; x_wconf 95' lang='lat' dir='ltr'><strong> </strong></span> 
     </span>
    </p>
   </div>
  </div>
 </body>
</html>
