3414 5193
1528 429 1946 487 -92—

1306 597 1758 667 Armenia
1814 596 2155 668 Minor.

1361 739 1501 802 105.
1576 737 2099 803 Caesarea.

685 861 867 939 Apud
912 861 1182 922 Plinium
1229 863 1349 940 (VI
1381 865 1485 942 21)
1534 864 1592 922 in
1639 863 1935 924 Armenia
1975 864 2211 924 Minore
2248 864 2619 942 ‚,Caesarea“
2648 884 2901 924 comme-

557 958 838 1020 moratur,
889 947 962 1007 de
1007 970 1128 1027 qua
1174 948 1319 1008 alibi
1353 949 1507 1008 nihil
1538 949 1805 1010 refertur.
1872 950 2063 1010 Haud
2093 950 2216 1010 scio
2247 971 2327 1010 an
2358 949 2511 1009 illud
2542 950 2831 1031 oppidum
2866 970 2903 1009 a

558 1032 796 1093 Tiberio
865 1054 1027 1093 anno
1080 1036 1153 1094 17
1203 1034 1342 1094 item
1405 1055 1475 1095 ac
1538 1035 1790 1095 Mazaca
1854 1035 2255 1108 „Caesareae“
2321 1055 2536 1095 nomen
2585 1036 2900 1117 acceperit;

557 1119 852 1179 Armenia
895 1119 1100 1179 Minor
1141 1120 1301 1180 enim
1348 1141 1486 1200 pars
1518 1120 1937 1200 Cappadociae
1980 1129 2122 1180 erat.
2193 1121 2339 1182 Sine
2381 1120 2565 1181 dubio
2611 1121 2899 1201 oppidum

558 1205 759 1283 exigui
803 1207 1089 1264 momenti
1136 1215 1277 1278 erat,
1323 1227 1459 1266 cum
1504 1206 1701 1266 Plinio
1748 1216 1992 1286 excepto
2036 1226 2334 1286 nusquam
2382 1215 2673 1267 occurrat.

1520 1385 1882 1458 ῧίΙίοἰε.

890 1529 1030 1591 106.
1107 1526 1988 1614 Germanicopolis
2054 1528 2588 1595 Hadriana.

688 1652 1225 1733 Germanicopolis,
1270 1652 1542 1715 Isauriae
1586 1654 1747 1727 urbS,
1793 1674 1949 1733 quae
1994 1675 2029 1713 a
2073 1653 2457 1733 Claudiopoli
2511 1654 2576 1712 in
2629 1673 2905 1713 occasum

559 1739 845 1817 vergebat
916 1748 974 1798 et
1038 1759 1223 1819 prope
1289 1739 1703 1819 Calycadnum
1772 1741 1887 1799 sita
1954 1748 2103 1813 erat,
2175 1747 2674 1800 commemoratur
2745 1739 2907 1819 apud

558 1824 899 1885 Hieroclem
957 1827 1152 1904 (710),
1217 1824 1541 1905 Georgium
1605 1825 1897 1905 Cyprium
1942 1827 2114 1903 (846,
2179 1827 2379 1902 1617),
2439 1824 2904 1885 Constantinum

557 1909 1191 1990 Porphyrogennetum
1228 1911 1326 1986 (de
1355 1911 1531 1972 them.
1568 1909 1592 1970 Ι
1630 1913 1748 1988 13),
1794 1912 1858 1969 in
1889 1912 2104 1971 notitia
2144 1910 2594 1991 episcopatuum
2645 1910 2731 1986 (X
2766 1912 2904 1982 799,

559 1994 591 2054 Ι
639 1998 786 2069 846,
847 1996 948 2055 111
1009 1999 1177 2074 741),
1238 1996 1476 2056 demum
1540 1997 1602 2055 in
1658 2017 1907 2057 nummo
1970 1996 2277 2056 Hadriani
2335 1996 2559 2067 (Head,
2605 1998 2678 2055 H.
2725 1994 2803 2056 N.
2851 2017 2904 2075 p.

562 2080 732 2160 603),
778 2083 841 2140 in
888 2102 1004 2160 quo
1051 2082 1338 2161 oppidum
1388 2082 1578 2142 audit:
1666 2082 2031 2158 „Hadriana
2077 2079 2639 2162 Germanicopolis“
2683 2082 2791 2155 ita,
2841 2089 2908 2142 ut

558 2165 920 2226 Hadrianus
983 2168 1232 2247 oppido,
1297 2168 1550 2227 fortasse
1607 2166 1910 2227 beneficiis
1956 2178 2160 2240 auct0,
2225 2186 2555 2246 cognomen
2621 2167 2907 2227 sollemne

557 2251 991 2324 „Hadrianae“
1035 2254 1391 2332 imposuisse
1436 2254 1728 2314 videatur.
1817 2253 2341 2332 Germanicopolis
2386 2273 2605 2313 nomen
2651 2252 2728 2312 ad
2761 2251 2907 2313 Ger-

558 2338 880 2411 manicum,
925 2338 1112 2398 Drusi
1157 2337 1363 2411 filium,
1413 2339 1703 2418 pertinere
1749 2338 2013 2410 videtur,
2059 2339 2161 2417 qui
2209 2339 2368 2398 intra
2412 2358 2605 2398 annos
2658 2340 2901 2398 17—19

559 2445 614 2503 p.
661 2423 801 2484 Chr.
856 2445 916 2482 n.
979 2425 1039 2482 in
1110 2423 1382 2484 orientali
1452 2434 1617 2503 parte
1685 2424 2060 2495 versabatur;
2125 2423 2293 2483 cuius
2359 2425 2422 2482 in
2489 2423 2775 2483 honorem
2840 2424 2904 2482 in

559 2509 849 2588 Bithynia
893 2509 1430 2589 Paphlogoniaque
1473 2510 1612 2568 item
1658 2508 1779 2568 duo
1825 2509 2048 2589 oppida
2093 2530 2313 2568 nomen
2353 2505 2904 2589 Germanicopolim

559 2596 857 2676 accepisse
902 2594 1180 2656 vidimus,

1194 2677 1475 2799 sin-ia
1530 2715 1630 2783 et
1679 2712 2275 2784 Palaestina.

1086 2856 1225 2927 107.
1299 2855 1771 2920 Tiberias
1822 2886 1901 2915 ==
1951 2854 2403 2919 Tabarie.

687 2979 975 3055 Tiberias
1024 2980 1381 3040 occidentali
1426 2980 1490 3038 in
1537 2979 1710 3039 litore
1754 2979 2098 3041 Genesarae
2141 2979 2313 3039 lacus
2358 2980 2488 3051 sita,
2537 2978 2615 3038 ab
2663 2977 2912 3039 Herode

559 3066 885 3145 Antipatro
933 3086 1095 3125 anno
1145 3067 1222 3126 20
1269 3086 1325 3144 p.
1372 3065 1506 3126 Chr.
1542 3086 1601 3125 n.
1649 3065 1895 3125 condita
1940 3086 2065 3125 esse
2110 3066 2377 3137 videtur3
2423 3083 2539 3142 quo
2573 3085 2739 3124 anno
2774 3084 2914 3124 aera

560 3151 767 3231 oppidi
840 3151 1063 3230 incipit.
1181 3150 1482 3211 Eusebius
1560 3161 1755 3210 autem
1836 3151 2063 3223 (chron.
2131 3151 2197 3209 II
2262 3172 2317 3230 p.
2393 3152 2540 3222 148,
2616 3149 2911 3226 Schoene)

562 3255 724 3296 anno
775 3238 850 3294 27
899 3257 1025 3295 una
1068 3257 1204 3296 cum
1250 3236 1508 3296 Liviade
1551 3236 1933 3296 Tiberiadem
1978 3256 2104 3296 esse
2150 3236 2454 3296 conditam
2502 3235 2700 3295 refert.
2757 3235 2911 3296 Cum

561 3322 858 3382 Eusebius
904 3322 979 3381 de
1024 3323 1222 3394 annis,
1282 3321 1501 3401 quibus
1563 3321 1952 3381 Palaestinae
2006 3320 2183 3381 urbes
2238 3341 2401 3382 nova
2454 3322 2706 3381 nomina
2752 3341 2914 3381 acce·

561 3409 773 3487 perint‚
820 3408 1167 3487 saepissime
1212 3408 1498 3468 erraverit
1556 3415 1734 3485 atque
1792 3428 1924 3467 cum
1973 3407 2293 3468 Liviadem
2339 3427 2575 3485 quoque
2622 3426 2784 3466 anno
2832 3406 2910 3467 27

561 3493 865 3553 conditam
914 3513 1035 3552 non
1080 3513 1204 3552 esse
1249 3493 1622 3564 ostenderim,
1669 3492 2047 3553 Tiberiadem
2114 3493 2251 3552 item
2299 3512 2422 3551 non
2469 3512 2632 3551 anno
2681 3493 2758 3552 27
2808 3492 2913 3551 sed

563 3598 723 3637 anno
772 3580 850 3638 20
918 3598 1046 3638 esse
1107 3578 1410 3639 conditam
1472 3577 1781 3658 probabile
1846 3587 1949 3638 est.
2039 3577 2350 3658 Oppidum
2414 3586 2915 3637 commemoratur

562 3662 726 3743 apud
770 3664 1037 3724 Plinium
1083 3665 1168 3735 (V
1218 3665 1346 3743 71),
1393 3664 1799 3724 Ptolemaeum
1858 3664 2051 3737 (V111
2095 3666 2330 3743 20,16),
2386 3663 2718 3741 Josephum
2766 3667 2913 3738 (ant.

565 3751 671 3829 18,
720 3754 826 3822 36,
890 3751 998 3826 38;
1044 3748 1181 3808 bell.
1228 3750 1371 3811 Jud.
1421 3751 1657 3829 2168),
1705 3749 2078 3829 Stephanum
2125 3748 2516 3827 Byzantium,
2577 3747 2912 3808 Eusebium

565 3835 626 3908 (l.
674 3837 770 3913 c.),
818 3834 1233 3915 Epiphanium
1301 3834 1558 3912 (advers.
1607 3836 1833 3896 haeres.
1882 3836 1913 3894 I
1972 3838 2098 3908 11),
2157 3836 2510 3914 Procopium
2580 3835 2677 3903 (de
2733 3832 2912 3894 aedif.

564 3919 628 3980 V
663 3925 740 4000 9),
788 3920 1124 3981 Hieroclem
1159 3923 1346 4000 (720),
1376 3920 1703 4000 Georgium
1740 3920 2030 4001 Cyprium
2077 3922 2306 3997 (1036),
2351 3921 2411 3978 in
2444 3920 2661 3979 notitia
2691 3920 2913 4000 episco—

564 4018 812 4086 patuum
863 4007 950 4078 (V
993 4009 1153 4082 117),
1202 4008 1264 4065 in
1310 4006 1622 4066 itineribus
1654 4005 2220 4084 Hierocolymitanis
2251 4007 2327 4085 (p.
2367 4007 2617 4077 131,15;
2670 4006 2914 4076 137,18,

562 4094 818 4172 saepius,
864 4092 1114 4167 Geyer),
1159 4092 1396 4151 demum
1446 4093 1509 4150 in
1557 4092 1820 4150 nummis
1865 4111 1939 4150 ex
1985 4089 2240 4150 Claudio
2295 4111 2482 4169 usque
2536 4090 2612 4149 ad
2658 4089 2915 4149 Hadria·

563 4198 711 4237 num
758 4177 960 4255 (Head
1009 4177 1092 4237 H.
1137 4177 1214 4238 N.
1261 4199 1316 4258 p.
1369 4179 1536 4251 677).
1623 4177 1861 4235 Nomen
1924 4177 2197 4236 Tiberias
2251 4177 2436 4254 igitur
2493 4195 2568 4235 ex
2624 4196 2782 4235 anno
2832 4178 2910 4234 20

564 4282 794 4343 semper
846 4264 1089 4342 volgare
1150 4272 1277 4322 erat
1329 4263 1588 4341 indeque
1646 4261 2001 4322 hodiernum
2064 4282 2284 4322 nomen
2328 4261 2662 4334 „Tabarie“
2705 4261 2912 4321 evasit.
