3414 5193
1390 482 1859 539 -151—

1294 772 1942 847 'Flavi-225

689 896 1399 983 Valerius
1463 895 2527 973 Conztantinus

1385 1013 1549 1102 306
1570 1067 1654 1075 —-
1678 1024 1869 1101 337.

509 1187 578 1240 A.
621 1183 948 1245 Coloniae,
990 1197 1155 1252 quae
1198 1198 1279 1239 ex
1319 1182 1742 1240 Constantino
1782 1186 2021 1256 Magno
2062 1184 2554 1255 cognominatae
2594 1185 2762 1240 sunt.

535 1308 973 1371 Constantinus
1053 1309 1363 1381 „coloniae
1434 1309 1636 1371 Juliae
1701 1310 2016 1370 Fanestri“
2084 1331 2415 1389 cognomen
2481 1308 2801 1382 ,‚Flaviae“

455 1396 544 1466 (C.
589 1398 635 1454 Ι.
681 1396 752 1454 L.
798 1395 896 1453 XI
928 1416 981 1473 p.
1017 1396 1188 1470 924),
1234 1395 1506 1455 coloniae
1550 1395 1757 1456 Juliae
1801 1396 2085 1476 Hispello
2129 1396 2488 1475 cognomina
2514 1395 2803 1467 „Flaviae

454 1481 842 1542 Constantis“
888 1480 975 1556 (C.
1008 1482 1054 1538 Ι.
1085 1480 1155 1541 L.
1201 1481 1300 1540 XI
1331 1483 1522 1552 5265)
1567 1481 1865 1560 imposuit.
1965 1482 2283 1541 Praeterea
2325 1481 2601 1554 „colonia
2630 1481 2805 1543 Julia

453 1566 1034 1712 {zaernaSArelatff
1083 1586 1158 1625 ex
1188 1565 1590 1626 Constantino
1627 1576 1841 1626 vocata
1872 1576 1986 1627 est:
2034 1567 2509 1640 „Constantina“
2540 1566 2630 1643 (C.
2663 1567 2710 1626 Ι.
2733 1567 2802 1627 L.

631 1673 687 1730 p.
778 1655 857 1732 3).
1135 1666 1139 1669 ’

498 1832 564 1888 Β.
605 1831 834 1889 Cetera
891 1831 1150 1901 oppida,
1190 1845 1354 1900 quae
1393 1844 1474 1888 ex
1513 1831 1933 1888 Constantino
1987 1833 2226 1903 Magno
2265 1832 2591 1888 nominata
2626 1835 2788 1889 sunt.

1407 2096 1854 2168 Thu-acia.

459 2260 607 2323 202.
661 2255 1627 2341 Constantinopolis
1679 2287 1755 2313 z
1809 2257 2803 2321 AntoniniaAlexan-

573 2384 786 2447 dria
832 2379 1253 2447 Sebaste
1304 2381 1882 2467 Byzantium
1935 2412 2003 2438 ε
2061 2379 2329 2445 Nova
2375 2381 2681 2446 Roma.
2778 2345 2781 2348 Ι

584 2524 963 2603 Byzantium,
1009 2544 1232 2602 magna
1277 2523 1419 2582 urbs
1450 2523 1761 2595 Thraciae,
1807 2545 1963 2603 quae
2004 2533 2446 2604 peropportune
2477 2524 2591 2583 sita
2651 2534 2792 2595 erat,

459 2632 646 2690 usque
691 2611 768 2670 ad
813 2610 1282 2670 Constantinum
1331 2610 1491 2687 apud
1539 2622 1809 2670 auctores
1842 2631 2073 2689 semper
2103 2613 2188 2669 ita
2234 2610 2417 2669 audit.
2479 2609 2804 2688 Septimius

461 2697 716 2758 Severus
784 2696 1095 2773 oppidum,
1159 2695 1382 2772 quippe
1448 2695 1608 2772 quod
1673 2696 1991 2755 Pescennii
2057 2706 2253 2773 partes
2320 2704 2589 2755 secutum
2637 2704 2807 2768 esset,

463 2802 623 2842 anno
674 2784 792 2840 196
839 2781 1215 2859 expugnavit
1258 2789 1317 2839 et
1361 2800 1585 2858 magna
1629 2781 1983 2840 crudelitate
2046 2781 2257 2840 affecit.
2345 2782 2563 2840 Postea
2607 2790 2804 2841 autem

462 2867 803 2945 Septimius,
848 2864 1205 2925 Caracallae
1249 2864 1642 2924 adulescentis
1671 2867 1945 2940 precibus
1977 2876 2323 2937 commotuS‚
2371 2869 2504 2924 iura
2548 2876 2605 2926 et
2634 2866 2807 2925 liber-

464 2962 665 3023 tatem,
712 2951 847 3010 urbi
894 2972 945 3012 a.
996 2952 1114 3010 196
1162 2949 1460 3027 adempta,
1507 2950 1764 3010 restituit
1815 2962 1874 3011 et
1917 2951 2276 3030 Byzantium
2339 2950 2602 3028 pulchris
2649 2951 2807 3011 aedi-

462 3038 612 3097 ficiis
656 3037 895 3096 ornavit
961 3036 1119 3095 (hist.
1169 3036 1354 3111 Aug.:
1414 3035 1623 3095 Carae.
1671 3035 1702 3094 I
1753 3043 1814 3108 7;
1870 3037 2085 3096 Zosim.
2134 3037 2165 3096 I
2212 3038 2267 3109 8,
2328 3036 2394 3096 ΙΙ
2443 3039 2548 3108 3Ο;
2603 3037 2806 3096 chron.

461 3122 673 3182 Pasch.
723 3120 754 3183 l
787 3123 908 3181 495
957 3121 1177 3195 Bonn).
1262 3120 1417 3180 Tum
1464 3120 1733 3194 fortasse,
1780 3142 1944 3181 anno
1993 3124 2129 3194 197,
2175 3121 2460 3201 oppidum
2494 3122 2810 3183 sollemnia

464 3208 826 3286 cognomina
869 3205 1306 3278 „Antoniniam
1353 3206 1685 3267 Sebasten“
1729 3207 1983 3286 accepit,
2040 3228 2193 3285 quae
2249 3208 2311 3265 in
2359 3208 2622 3267 nummis
2667 3208 2809 3266 inde

465 3314 501 3352 a
547 3292 869 3353 Caracalla
912 3301 1235 3352 occurrunt
1288 3292 1482 3367 (Head
1538 3292 1621 3350 H.
1668 3291 1744 3351 N.
1792 3314 1846 3370 p.
1893 3294 2055 3360 232).
2146 3293 2400 3353 Severus
2460 3292 2810 3353 Alexander

466 3378 708 3450 deinde,
752 3379 853 3456 qui
909 3378 1195 3457 oppidum
1248 3379 1427 3439 novis
1481 3376 1806 3455 privilegiis
1866 3379 2104 3438 auxisse
2156 3378 2417 3450 videtur,
2473 3398 2806 3458 cognomen

467 3463 958 3541 „Alexandriae“
1052 3463 1295 3537 adiecit,
1392 3463 1549 3542 quod
1638 3464 1702 3520 in
1791 3462 2086 3523 Gordiani
2174 3466 2437 3523 nummis
2523 3466 2811 3542 reperitur

467 3549 771 3614 (Mionnet
826 3548 855 3607 1
901 3570 955 3628 p.
1002 3551 1168 3628 382).
1257 3549 1694 3610 Constantinus
1750 3549 2041 3628 MagnUS,
2104 3550 2210 3628 qui
2267 3549 2387 3607 iam
2444 3569 2607 3609 anno
2668 3552 2808 3621 324,

466 3633 707 3693 Licinio
765 3634 946 3705 vict0,
1005 3655 1227 3694 novum
1286 3646 1468 3713 caput
1532 3634 1764 3709 imperii
1831 3635 2110 3713 Byzantii
2174 3635 2234 3693 in
2283 3635 2428 3694 urbe
2472 3635 2808 3696 collocandi

466 3716 784 3778 consilium
831 3730 1086 3792 ceperat,
1152 3741 1313 3780 anno
1361 3723 1483 3779 326
1544 3719 1830 3797 oppidum
1894 3739 2049 3780 novo
2104 3741 2275 3780 muro
2318 3722 2553 3799 cingere
2597 3722 2807 3799 coepit,

465 3804 566 3881 qui
615 3822 777 3862 anno
825 3804 946 3862 330
994 3803 1300 3865 confectus
1346 3817 1489 3866 erat.
1576 3805 1729 3863 Tum
1781 3806 2068 3884 oppidum
2116 3805 2425 3866 celebriter
2469 3807 2807 3867 dedicatum

465 3897 524 3948 et
565 3896 977 3948 consecratum
1022 3900 1112 3947 est
1169 3900 1347 3968 atque
1401 3911 1623 3952 nomen
1678 3889 2306 3969 „Constantinopolis“
2352 3893 2603 3970 accepit,
2649 3890 2810 3971 quod

467 3995 541 4033 ex
587 3974 692 4033 illo
735 3982 1000 4048 tempore
1060 3993 1288 4053 semper
1349 3979 1632 4036 usitatum
1696 3986 1838 4036 erat.
1930 3977 2120 4037 Vetus
2174 3998 2397 4037 nomen
2443 3978 2808 4053 Byzantium

467 4067 600 4133 post
663 4079 893 4118 annum
958 4060 1079 4118 330
1152 4080 1277 4118 non
1350 4082 1590 4140 prorsus
1663 4062 1988 4134 intercidit,
2068 4063 2169 4122 sed
2244 4063 2406 4142 apud
2479 4062 2809 4123 nonnullos

469 4155 736 4203 auctores
781 4145 960 4204 etiam
1006 4145 1308 4223 reperitur.
1397 4147 1649 4207 Publice
1694 4149 1985 4228 oppidum
2031 4169 2106 4208 ex
2150 4169 2309 4208 anno
2357 4149 2509 4207 330:
2596 4148 2811 4221 „Nova

466 4228 702 4289 Roma“
744 4228 1091 4292 vocabatur.
