3414 5193
706 1314 771 1374 Si
835 1313 1100 1373 cuiusvis
1166 1313 1250 1371 rei
1313 1312 1589 1390 publicae
1651 1332 1756 1372 seu
1818 1312 2026 1390 populi
2090 1313 2365 1391 princeps
2430 1313 2608 1372 alicui
2666 1311 2884 1390 oppido

534 1420 752 1461 nomen
801 1420 838 1458 a
882 1419 944 1458 se
990 1399 1117 1476 ipso
1163 1398 1411 1476 petitum
1459 1398 1727 1476 imponit,
1787 1418 2019 1475 semper
2061 1397 2170 1456 illa
2213 1419 2291 1470 re,
2339 1399 2665 1476 principem
2712 1397 2879 1456 illum

530 1507 599 1546 se
643 1485 950 1544 dominum
997 1483 1091 1543 vel
1138 1483 1556 1555 monarchum,
1604 1492 1671 1542 ut
1715 1484 1798 1542 ita
1844 1483 2069 1555 dicam,
2117 1483 2337 1543 habere
2383 1492 2658 1562 apparet3
2707 1492 2885 1562 atque

537 1571 627 1630 illi
674 1570 967 1651 principes
1014 1578 1256 1640 vetereS‚
1302 1569 1405 1646 qui
1435 1569 1657 1647 oppida
1690 1570 1751 1626 in
1786 1569 2049 1647 ipsorum
2083 1569 2365 1628 honorem
2400 1568 2881 1645 nominaverunt.

530 1657 658 1717 fere
710 1675 941 1733 semper
986 1655 1254 1732 tyranni,
1314 1674 1481 1732 quos·
1508 1654 1788 1713 dixerunt
1831 1653 2066 1726 Graeci,
2119 1653 2383 1732 fuerunt,
2439 1657 2535 1714 vel
2579 1654 2647 1726 ei,
2706 1674 2883 1732 penes

529 1762 685 1822 quos
717 1761 952 1801 summa
982 1740 1251 1798 omnium
1282 1746 1481 1798 rerum
1513 1749 1656 1799 erat.
1725 1739 1815 1801 Ut
1850 1739 2124 1818 exempla
2154 1739 2426 1799 afferam:
2459 1738 2780 1818 Philippus
2803 1740 2884 1812 H,

528 1828 638 1907 qui
685 1828 911 1902 primus
959 1825 1363 1885 Macedonum
1408 1845 1612 1903 regum
1662 1845 1960 1885 summum
2009 1825 2320 1899 imperium
2368 1834 2547 1904 atque
2592 1824 2883 1885 infinitam

514 1922 882 1992 ‘potestatem
951 1919 1255 1970 assecutus
1318 1920 1420 1982 est,
1485 1910 2031 1990 ‚,Philippopolim“
2093 1921 2149 1969 et
2213 1909 2601 1988 ‚,Philippos“
2660 1910 2885 1989 oppida

528 1997 804 2059 condidit
849 2005 1027 2076 atque
1071 2017 1144 2055 ex
1176 2016 1239 2055 se
1284 1995 1412 2071 ipso
1457 1997 1813 2056 nominavit.
1903 1995 2093 2055 Filius
2142 1995 2377 2067 deinde,
2421 1996 2525 2074 qui
2570 1995 2879 2055 dominum

532 2104 658 2143 non
706 2082 919 2154 solum,
966 2081 1070 2141 sed
1115 2082 1291 2140 etiam
1340 2080 1518 2140 deum
1565 2101 1627 2141 se
1671 2081 1941 2159 putabat,
1987 2081 2282 2159 permulta
2327 2080 2549 2159 oppida
2590 2080 2654 2139 in
2695 2082 2883 2156 ipsius

533 2169 812 2228 honorem
863 2166 1131 2227 condidit
1173 2174 1352 2243 atque
1395 2166 1747 2228 nominavit.
1821 2166 2001 2242 Quod
2048 2166 2390 2244 exemplum
2435 2166 2730 2240 diadochi,
2776 2168 2882 2246 qui

526 2255 832 2325 dicuntur,
896 2252 1109 2311 imitati
1165 2261 1330 2323 sunt;
1388 2253 1490 2330 qui
1543 2273 1616 2311 ex
1662 2252 1927 2330 ipsorum
1971 2251 2067 2312 vel
2113 2272 2186 2312 ex
2230 2272 2486 2311 uxorum
2532 2252 2879 2312 nominibus

532 2339 726 2398 multa
791 2337 1032 2414 oppida,
1103 2358 1139 2396 a
1208 2358 1270 2397 se
1314 2337 1570 2414 condita,
1639 2339 2134 2406 nominaverunt;
2205 2337 2354 2397 talia
2422 2337 2643 2416 oppida
2709 2346 2878 2398 sunt:

529 2424 846 2494 Laodicea,
889 2423 1284 2495 Cassandrea,
1332 2423 1681 2496 Antiochia,
1727 2424 2083 2501 Antigonia,
2132 2422 2268 2483 alia.
2309 2477 2313 2481 ,

701 2509 888 2588 Apud
922 2509 1229 2568 Romanos
1275 2508 1496 2569 similia
1539 2509 1944 2569 inveniuntur.
2021 2508 2148 2570 Ubi
2193 2508 2452 2586 primum
2498 2507 2722 2587 singuli
2766 2508 2879 2569 viri

524 2607 751 2657 ceteros
821 2594 1174 2655 auctoritate
1241 2605 1299 2655 et
1363 2604 1652 2671 potestate
1710 2604 2169 2674 praecesserunt,
2235 2615 2340 2654 seu
2397 2594 2716 2655 dictatores
2777 2614 2881 2655 seu

528 2681 825 2741 triumviri
890 2682 1292 2759 vocabantur,
1349 2680 1437 2739 illi
1504 2682 1681 2741 etiam
1731 2701 1798 2740 eo
1864 2680 2201 2753 monarchi,
2267 2689 2334 2740 ut
2397 2682 2484 2740 ita
2527 2680 2751 2753 dicam,
2818 2700 2879 2741 se

522 2767 976 2845 praestiterunt,
1045 2766 1207 2845 quod
1266 2786 1340 2826 ex
1407 2766 1550 2844 ipsis
1614 2776 1793 2845 atque
1856 2767 1918 2825 in
1983 2766 2249 2845 ipsorum
2310 2766 2595 2826 honorem
2654 2766 2871 2845 oppida

528 2853 1010 2924 nominaverunt,
1056 2861 1123 2911 ut
1151 2851 1522 2924 ,‚Mariana“,
1568 2851 1846 2911 Corsicae
1893 2851 2199 2930 oppidum,
2248 2851 2325 2911 ad
2355 2852 2620 2911 Marium
2651 2861 2879 2930 spectat

519 2946 703 3016 atque
769 2938 1087 3015 Pompeius
1162 2936 1397 2995 duobus
1471 2936 1737 3015 oppidis,
1812 2937 1874 2995 in
1927 2938 2076 2997 Asia
2146 2937 2378 2996 minore
2444 2938 2588 3009 sitis,
2658 2957 2872 2998 nomen

520 3023 1075 3101 ,‚Pompeiopolim“
1119 3021 1415 3096 imposuit.

698 3107 922 3168 Caesar
983 3117 1185 3167 antem
1248 3107 1507 3185 primum
1566 3107 1980 3182 imperatorem
2042 3117 2100 3166 et
2162 3107 2297 3166 aliis
2358 3108 2535 3167 rebus
2593 3115 2652 3167 et
2704 3126 2770 3167 eo
2816 3126 2877 3167 se

520 3193 825 3268 praebuit,
892 3192 1054 3272 quod
1119 3191 1426 3270 permultis
1489 3192 1728 3271 oppidis
1789 3193 2064 3264 nomina,
2129 3213 2205 3253 ex
2258 3193 2386 3267 ipso
2430 3191 2631 3271 petit-a,
2699 3192 2875 3253 dedit.

526 3279 827 3357 Imprimis
902 3280 963 3337 in
1035 3277 1270 3349 Gallia,
1345 3278 1673 3357 Hispania,
1758 3278 1905 3338 Asia
1970 3278 2198 3338 minore
2263 3277 2457 3338 multa
2521 3277 2874 3356 oppidorum

525 3366 794 3436 nomina,
854 3385 989 3424 cum
1035 3363 1282 3424 vocibus
1327 3362 1563 3435 ,‚Juli0“
1607 3384 1713 3423 seu
1757 3363 2085 3436 ‚,Caesare“
2132 3364 2476 3443 composita,
2538 3370 2873 3436 occurrunt,

517 3470 679 3527 quae
730 3450 947 3528 partim
1006 3448 1083 3508 ad
1135 3447 1371 3510 Julium
1417 3448 1737 3510 Caesarem
1789 3448 2004 3527 ipsum,
2060 3450 2279 3528 partim
2336 3449 2413 3508 ad
2471 3448 2870 3511 Octavianum

520 3534 841 3613 pertinent.
944 3535 1258 3612 Augustus
1320 3535 1501 3612 enim,
1579 3543 1647 3594 ut
1703 3534 1910 3594 ceteris
1972 3535 2035 3592 in
2098 3535 2293 3607 rebuS,
2360 3535 2446 3594 ita
2510 3534 2621 3594 illa
2686 3535 2748 3593 in
2812 3553 2873 3595 re

524 3619 795 3680 Caesaris
857 3618 1198 3698 exemplum
1266 3619 1559 3692 imitatus,
1628 3621 1769 3679 item
1832 3619 2025 3679 multa
2090 3620 2331 3699 oppida,
2402 3620 2532 3680 sive
2599 3619 2677 3679 ab
2743 3620 2873 3698 ipso

525 3705 792 3778 condita,
849 3707 977 3766 sive
1033 3714 1260 3776 vetera,
1315 3725 1390 3764 ex
1442 3726 1505 3765 se
1562 3705 1931 3779 nominavit,
1990 3705 2149 3785 quod
2203 3706 2495 3784 imprimis
2549 3707 2606 3764 in
2663 3704 2873 3766 Gallia

516 3799 785 3869 apparet.
871 3794 1291 3870 Imperatores,
1348 3799 1487 3869 post
1538 3791 1709 3851 illum
1765 3801 2112 3870 regnanteS,
2167 3790 2322 3851 idem
2383 3790 2652 3851 fecerunt
2695 3800 2872 3869 atque

522 3877 845 3955 praecipue
888 3877 951 3935 in
989 3874 1266 3936 orientali
1299 3876 1531 3955 imperii
1562 3886 1733 3955 parte
1762 3877 1953 3936 multa
1984 3876 2207 3955 oppida
2236 3887 2570 3949 occurrunt,
2616 3897 2868 3955 quorum

521 3962 774 4021 nomina
832 3982 907 4021 ex
958 3981 1104 4022 voce
1158 3968 1374 4031 ,,πόλις“
1433 3972 1611 4041 atque
1668 3961 1925 4022 alicuius
1983 3963 2353 4041 imperatoris
2414 3963 2660 4022 nomine
2716 3982 2871 4021 com-

515 4047 713 4121 posita
756 4055 913 4107 sunt.
2857 4047 2860 4049 ’

648 4132 816 4193 Idem
879 4131 1002 4192 fere
1055 4130 1128 4190 de
1186 4130 1556 4192 coloniarum
1623 4132 1971 4193 nominibus
2036 4131 2427 4192 sollemnibus
2489 4132 2607 4192 dici
2662 4142 2869 4210 potest.

520 4216 874 4297 Priusquam
939 4225 1133 4277 autem
1193 4217 1267 4277 de
1321 4216 1440 4277 illis
1496 4218 1954 4296 cognominibus
2013 4218 2200 4279 verba
2253 4217 2494 4290 faciam,
2554 4236 2746 4293 pauca
2795 4218 2868 4279 de

513 4303 768 4364 coloniis
813 4303 873 4361 in
919 4304 1268 4363 universum
1312 4323 1645 4383 proponere
1687 4303 1845 4365 volo.
1915 4344 1943 4351 --

621 4418 694 4461 De
721 4418 923 4462 colonus
951 4418 1270 4472 oppidisque.
2565 4421 2588 4470 1
