3414 5193
1451 394 1868 452 —59-

476 563 693 623 eodem
761 574 1022 639 tempore
1085 573 1262 642 atque
1315 563 1600 625 Germam
1661 575 1719 626 et
1762 566 2109 639 Cremnam,
2174 589 2327 646 quae
2380 570 2518 629 item
2590 569 2838 641 „Felix“

482 649 946 728 cognominatae
990 659 1144 720 sunt,
1188 649 1487 710 coloniam
1533 671 1661 711 esse
1705 650 1932 712 factam
1988 653 2232 712 indicat.
2320 654 2655 726 „Gemina“
2702 675 2836 734 cog—

489 755 707 795 nomen
777 735 1030 794 fortasse
1097 735 1174 794 ad
1241 736 1494 795 duarum
1562 738 1865 815 legionum
1928 748 2265 811 veteranos,
2335 739 2414 798 ibi
2493 740 2836 812 collocatOS,

487 821 759 896 pertinet.
847 820 971 880 Cur
1035 822 1256 899 Lystra
1321 831 1556 881 tantum
1622 822 1867 894 ‚,Julia“
1935 843 2005 883 ac
2073 844 2194 884 non
2272 828 2630 903 „Augusta“
2705 846 2837 905 cog-

488 907 809 965 nominata
876 917 993 978 est,
1060 926 1178 966 non
1248 907 1447 985 liquet.
1535 907 1677 967 Sine
1744 908 1928 967 dubio
2001 930 2076 968 ex
2151 908 2323 969 titulo
2399 931 2583 988 supra
2656 911 2838 971 citato

489 993 837 1070 Augustum
920 1012 1047 1051 esse
1112 993 1384 1052 ,coloniae
1456 992 1834 1052 deductorem
1911 1014 2195 1072 apparere
2251 994 2501 1056 videtur.
2600 997 2838 1075 Lystra,

491 1078 714 1137 omissa
751 1075 990 1136 colonia
1019 1077 1497 1155 Heliopolitana,
1528 1079 1705 1138 unica
1735 1081 1987 1153 colonia,
2032 1094 2167 1158 post
2196 1101 2420 1140 annum
2456 1083 2532 1139 27
2566 1082 2838 1154 deducta,

487 1172 589 1233 est,
637 1183 791 1241 quae
834 1172 1069 1221 tantum
1116 1163 1376 1243 „Julia“,
1424 1184 1547 1223 non
1592 1166 1946 1242 ,2Augusta“
1990 1166 2298 1244 appellata
2342 1176 2431 1226 est
2450 1169 2510 1245 1).

574 1297 680 1362 90.
754 1296 1072 1361 Parlais
1122 1327 1197 1355 ε
1250 1295 1496 1380 Julia
1541 1300 1918 1381 Augusta
1989 1302 2325 1364 colonia
2397 1301 2734 1365 Parlais.

613 1421 874 1496 Parlais,
921 1444 1079 1502 quae
1125 1444 1162 1483 a
1205 1424 1425 1502 Lystra
1467 1425 1530 1483 in
1564 1424 1848 1485 orientem
1884 1426 2184 1504 vergebat,
2237 1427 2400 1505 apud
2429 1425 2840 1487 Ptolemaeum

490 1509 575 1585 (V
628 1512 820 1581 6‚16),
881 1510 983 1568 sed
1050 1530 1172 1569 non
1218 1510 1491 1569 coloniae
1534 1509 1691 1582 loco,
1733 1510 2264 1572 commemoratur.
2356 1512 2660 1587 Oppidum
2709 1524 2838 1571 aut:

486 1593 759 1668 „Parlais
824 1595 1102 1655 colonia‘-‘
1157 1596 1215 1653 in
1285 1615 1533 1654 nummo
1600 1595 1682 1654 M.
1731 1596 1997 1668 Aurelii,
2066 1607 2200 1656 aut:
2290 1598 2495 1670 „Julia
2564 1600 2843 1675 Augusta

487 1680 725 1740 colonia
756 1680 1031 1740 Parlais“
1062 1682 1125 1739 in
1160 1682 1230 1741 L.
1263 1681 1429 1751 Veri,
1478 1680 1699 1753 Severi,
1748 1682 1952 1743 Juliae
1984 1682 2272 1743 Domnae‘
2296 1684 2559 1742 nummis
2592 1691 2844 1743 vocatur

489 1765 747 1842 (Eckhel
798 1767 896 1826 III
939 1786 996 1845 p.
1044 1769 1154 1838 343
1200 1767 1476 1826 Mionnet
1520 1766 1618 1826 III
1664 1788 1719 1846 p.
1769 1771 1937 1838 537).
2027 1768 2286 1829 Colonia
2328 1769 2488 1828 intra
2535 1789 2728 1828 annos
2753 1770 2839 1826 12

490 1872 541 1910 a.
574 1852 712 1912 Chr.
760 1873 914 1911 11.-
957 1856 1033 1911 14
1064 1872 1119 1930 p.
1154 1851 1291 1912 Chr.
1338 1873 1396 1911 n.
1443 1851 1698 1912 deducta
1744 1862 1845 1925 est,
1891 1855 2030 1913 item
2078 1864 2256 1932 atque
2302 1862 2532 1914 ceterae
2561 1854 2842 1915 Galatiae

489 1937 781 1998 coloniae.
872 1938 1122 2010 Parlais,
1168 1958 1301 1997 cum
1341 1938 1502 2016 apud
1551 1948 1822 1998 auctores
1853 1938 2199 1999 Ptolemaeo
2250 1949 2495 2014 excepto
2541 1960 2840 2018 nusquam

481 2033 783 2101 occurrat,
832 2024 1160 2101 perexigua
1204 2023 1390 2082 fuisse
1433 2023 1682 2083 videtur.

1444 2203 1817 2274 cilicia.

616 2348 720 2408 91.
795 2318 1155 2409 Nini'ca
1206 2375 1280 2403 =
1336 2348 1501 2408 col.
1574 2345 1835 2428 Julia
1907 2346 2353 2428 Augusta
2427 2345 2706 2408 Felix

1068 2432 1429 2497 Ninica
1501 2433 2235 2520 Claudiopolis.

623 2561 891 2621 Exstant
943 2561 1173 2621 nummi
1229 2579 1305 2620 ex
1368 2560 1631 2620 Traiano
1699 2581 1889 2639 usque
1934 2561 2011 2620 ad
2075 2561 2438 2634 Maximum,
2497 2562 2559 2620 in
2624 2560 2843 2640 quibus

492 2648 798 2723 inscriptio
861 2656 973 2707 est:
1039 2646 1191 2726 ,,001.
1250 2648 1408 2724 Aug.
1471 2645 1716 2721 Feli(x).
1807 2647 1973 2708 Nini.
2035 2646 2287 2707 Claud.“
2346 2668 2450 2707 seu
2513 2646 2658 2718 ‚,col.
2720 2647 2843 2708 Jul.

489 2734 652 2811 Aug.
721 2733 869 2794 Feli.
936 2732 1102 2792 Nini.
1158 2732 1409 2794 Claud.“
1459 2732 1766 2807 (Mionnet
1835 2731 1995 2791 VIII
2055 2753 2109 2807 p.
2174 2734 2329 2803 4293
2396 2732 2738 2792 Zeitschrift
2802 2731 2843 2791 f.

492 2818 788 2878 Numism.
836 2818 933 2878 VI
962 2839 1018 2897 p.
1055 2820 1148 2889 12,
1195 2818 1398 2879 XVII
1427 2838 1482 2892 p.
1518 2819 1668 2889 2393
1715 2818 1883 2877 Head
1920 2817 2006 2883 H.
2040 2818 2117 2878 N.
2151 2839 2205 2896 p.
2248 2819 2395 2888 690;
2441 2817 2844 2889 Kubitschek‚

493 2904 876 2964 Rundschau’
914 2903 1062 2964 iiber
1106 2904 1203 2963 ein
1235 2904 1737 2980 Quinquennium
1773 2903 1876 2962 der
1909 2904 2093 2982 antiq.
2130 2904 2430 2965 Numism.
2463 2924 2519 2982 p.
2552 2904 2843 2981 42--44).

488 2990 665 3065 Quos
712 3009 989 3048 nummos
1036 2989 1114 3048 ad
1160 2990 1452 3049 Ninivam
1501 2988 1791 3064 Assyriae
1835 2987 2132 3048 coloniam
2178 2990 2474 3067 pertinere
2517 2987 2689 3047 multi
2734 2987 2843 3047 viri

495 3075 652 3135 docti
701 3074 1142 3135 existimabant.
1232 3074 1349 3135 Sed
1395 3072 1629 3135 Niniva
1671 3073 1781 3133 sub
1825 3074 2091 3133 Traiano
2137 3073 2376 3133 demum
2421 3074 2657 3134 colonia
2685 3072 2847 3133 facta

496 3169 613 3232 est3
679 3160 889 3238 „Julia
958 3163 1272 3238 Augusta“
1336 3169 1533 3220 autem
1601 3161 1966 3237 cognomina
2028 3180 2147 3219 non
2224 3161 2341 3219 nisi
2418 3159 2495 3219 ab
2569 3161 2845 3237 Augusto

495 3246 769 3306 coloniae
841 3247 1118 3324 imposita
1184 3266 1310 3306 esse
1382 3254 1650 3323 possunt.
1762 3245 1947 3316 „Nini
1996 3293 2007 3304 .
2058 3292 2070 3305 .
2119 3296 2130 3306 .
2177 3247 2228 3304 .“
2303 3246 2486 3323 igitur
2571 3265 2696 3305 non
2785 3244 2844 3303 in

494 3332 800 3404 „Niniva“
843 3332 946 3391 sed
991 3333 1049 3389 iu
1081 3331 1377 3403 „Ninica“
1409 3330 1810 3410 supplendum
1845 3340 1947 3403 est,
1995 3332 2153 3409 quod
2185 3352 2405 3390 nomen
2437 3331 2501 3389 in
2531 3329 2846 3389 nonnullis
2933 3364 2936 3376 ‹

497 3418 787 3490 nummiS,
855 3417 1134 3495 ambigue
1198 3417 1530 3495 signatum,
1593 3414 1750 3475 false
1815 3417 2118 3489 „Niniva“
2184 3416 2507 3495 legebatur.
2606 3416 2845 3487 Ninica,

496 3504 767 3563 Isauriae
834 3501 1151 3581 oppidum,
1227 3522 1408 3582 prope
1475 3500 1797 3576 Neapolim
1859 3503 1977 3561 sita
2043 3504 2229 3581 erat2)
2295 3510 2353 3562 et
2418 3502 2577 3581 apud
2652 3501 2843 3560 solum

497 3588 904 3648 Ptolemaeum
964 3588 1049 3660 (V
1097 3592 1218 3660 8,6)
1282 3596 1792 3648 commemoratur.
1882 3587 2133 3647 Colonia
2193 3607 2258 3647 eo
2322 3588 2479 3646 intra
2524 3607 2719 3646 annos
2770 3590 2845 3646 12

392 3678 400 3687 “
499 3695 551 3733 a.
599 3673 736 3735 Chr
782 3695 840 3734 n.
886 3710 963 3718 —
1017 3677 1093 3733 14
1138 3694 1195 3752 p.
1245 3673 1381 3734 Chr.
1428 3694 1487 3733 n.
1531 3672 1607 3732 ab
1656 3674 1932 3751 Augusto
1988 3672 2247 3733 deducta
2300 3693 2425 3733 esse
2477 3672 2736 3744 videtur,
2782 3684 2850 3732 ut

499 3760 916 3837 cognomina,
921 3758 1109 3831 ,Julia
1154 3760 1436 3837 Augusta
1474 3758 1701 3830 Felix“,
1748 3779 1902 3836 quae
1932 3760 2135 3818 omnia
2166 3759 2424 3819 Germae
2468 3767 2524 3818 et
2553 3757 2849 3818 Cremnae

500 3844 751 3905 colonis
814 3865 1053 3924 quoque
1097 3845 1377 3924 imposita
1420 3855 1589 3922 sunt,
1645 3842 1932 3905 indicant.
2021 3844 2314 3905 Claudius
2361 3843 2580 3922 oppido
2635 3863 2848 3902 nomen

480 3952 487 3960 ·
490 3866 1013 4008 „Clauldsiopolim“
1060 3931 1356 4006 imposuit,
1402 3928 1503 3989 sed
1549 3928 1848 3989 coloniam
1894 3950 2018 3989 non
2066 3930 2330 4001 deduxit,
2374 3941 2442 3988 ut
2485 3928 2847 3989 Ammianus

500 4014 690 4092 (XIV
736 4018 856 4096 8,2)
902 4015 1058 4076 false
1099 4014 1293 4076 refert.
1384 4013 1449 4078 Si
1515 4014 1947 4090 Claudiopolis,
1993 4024 2139 4075 nota
2201 4015 2309 4076 illa
2362 4014 2505 4074 urbs
2562 4015 2846 4086 Isauriae,

638 4188 680 4236 1)
718 4184 777 4238 Ο.
816 4186 1002 4249 Cuntz‚
1037 4185 1225 4238 Jahrb.
1262 4185 1300 4238 f.
1336 4183 1531 4237 Philol.
1569 4181 1755 4250 Suppl.
1794 4183 2046 4249 XVlI1.
2085 4182 2200 4235 490.

643 4254 684 4320 ²)
720 4254 964 4321 Ramsay‚
1000 4253 1128 4305 Asia
1163 4252 1342 4305 Minor
1377 4270 1426 4318 p.
1463 4251 1512 4317 8,
1517 4253 1564 4305 6.
