3414 5193
509 656 692 717 modo
739 654 1110 729 „Caesarea“
1154 654 1338 727 audit,
1384 664 1450 714 ut
1493 653 1655 733 apud
1700 653 2110 715 Ptolemaeum
2155 655 2241 732 (V
2280 658 2455 734 1,14)‚
2501 658 2602 736 qui
2635 668 2867 732 praeter

506 743 915 816 ‚,Caesareae“
976 741 1156 801 etiam
1227 760 1447 800 nomen
1514 739 1957 817 „Smyrdeane“
2025 740 2291 810 exhibet,
2366 742 2527 821 apud
2600 742 2862 804 Dionem
2946 808 2953 813 ,

510 828 1005 905 Chrysostomum
1053 826 1155 904 (or.
1203 826 1282 884 47
1340 846 1395 901 p.
1442 827 1606 905 226),
1661 824 1826 905 apud
1884 825 2465 904 Hieroclem{(693),
2537 826 2862 907 Georgium

511 913 799 993 Cyprium
848 913 1011 989 (198,
1063 913 1267 984 1335),
1312 912 1372 969 in
1423 910 1570 971 actis
1614 910 1856 972 concilii
1888 910 2146 972 Nicaeni
2179 911 2511 991 (Harduin.
2542 913 2575 972 I
2607 915 2728 973 320
2761 913 2863 993 Β),

502 999 572 1058 in
622 997 874 1076 concilio
918 995 1393 1058 Chalcedonensi
1437 1016 1490 1057 a.
1536 998 1658 1057 451
1711 996 2040 1071 (Harduin.
2086 998 2152 1057 II
2200 1002 2280 1059 58
2326 998 2428 1073 D),
2496 999 2558 1057 in
2626 1013 2861 1077 patrum

515 1084 922 1145 Nicaenorum
985 1082 1331 1142 nominibus
1378 1082 1433 1154 (Ι
1475 1082 1616 1155 200,
1673 1082 1741 1141 Π
1789 1083 1927 1154 199,
1980 1081 2082 1142 ΙΙΙ
2133 1084 2269 1156 199,
2316 1082 2502 1157 alibi),
2547 1085 2611 1143 in
2657 1086 2865 1145 notitia

512 1171 961 1250 episcopatuum
1010 1168 1067 1244 (Ι
1117 1167 1253 1237 198,
1311 1168 1409 1227 ΠΙ
1462 1168 1599 1246 132,
1645 1165 1817 1228 VIII
1866 1168 2007 1240 209,
2053 1167 2247 1246 alibi).
2335 1168 2658 1249 Oppidum,
2703 1171 2864 1248 quod

511 1276 645 1316 cum
690 1253 949 1333 „Helga,
995 1273 1150 1332 quae
1180 1262 1239 1313 et
1267 1251 1828 1333 Germanicopolis“
1873 1251 2171 1313 confundi
2216 1274 2342 1314 non
2389 1255 2582 1327 debet,
2614 1255 2865 1316 fortasse

510 1342 631 1401 iam
691 1339 770 1400 ab
828 1344 1103 1418 Augusto
1160 1339 1526 1416 „Caesarea“
1582 1339 1962 1398 nominatum
2010 1348 2123 1411 est3
2184 1338 2585 1401 Germanicus
2649 1350 2862 1414 autem,

508 1427 611 1506 qui
673 1445 839 1485 anno
902 1428 977 1486 17
1036 1445 1089 1504 p.
1137 1424 1276 1486 Chr.
1339 1445 1417 1497 n.,
1491 1424 1552 1483 in
1622 1423 1860 1503 Syriam
1929 1423 2356 1503 profisciscens,
2430 1426 2646 1486 Asiam
2708 1427 2862 1499 visit,

510 1511 855 1584 Caesareae,
901 1531 1084 1589 quam
1130 1510 1330 1571 denuo
1377 1509 1662 1583 condidit,
1710 1529 2037 1588 cognomen
2069 1508 2538 1582 „Germanicae“
2567 1511 2862 1586 imposuit,

510 1597 670 1677 quod
713 1606 952 1657 tantum
998 1595 1360 1667 sollemniter
1402 1595 1822 1674 usurpabatur.
1910 1595 1985 1654 In
2031 1616 2281 1656 nummo
2325 1597 2486 1657 enim
2518 1596 2861 1658 Germanici

501 1681 712 1760 (Head
745 1682 842 1742 H:
863 1681 936 1741 N.
973 1702 1027 1761 p.
1057 1683 1205 1758 438)
1233 1680 1628 1742 Germanicus
1672 1680 1899 1741 Caesar
1944 1690 2244 1753 „Kriamae‘
2296 1691 2559 1743 vocatur.
2625 1683 2858 1744 Tamen

508 1768 876 1842 „Caesarea“
900 1787 1138 1840 nomen,
1183 1767 1407 1847 quippe
1436 1765 1598 1844 quod
1643 1765 1837 1825 solum
1885 1766 2043 1846 apud
2089 1776 2360 1828 auctores
2404 1778 2689 1842 occurrat,
2736 1789 2858 1828 non

506 1874 543 1915 a
572 1853 946 1922 Germanico,
993 1852 1096 1913 sed
1130 1851 1208 1913 ab
1241 1853 1522 1931 Augusto
1567 1851 2052 1930 ‚,Smyrdeanae“
2096 1852 2318 1933 oppido
2362 1873 2488 1913 esse
2518 1854 2860 1934 impositum

508 1959 739 2000 cense0.
825 1937 1006 2011 Nam,
1053 1939 1103 1999 si
1149 1947 1467 2016 utrumque
1511 1957 1726 1997 nomen
1774 1937 2143 2010 „Caesarea“
2187 1947 2244 1998 et
2286 1937 2725 2011 „Germanica“
2780 1938 2859 1999 ab

509 2025 717 2086 eodem
781 2022 1146 2085 Germanico
1192 2023 1445 2084 Caesare
1504 2023 1726 2103 oppido
1794 2022 2135 2103 impositum
2194 2033 2360 2096 esset,
2425 2025 2623 2084 notius
2682 2034 2862 2104 atque

510 2109 810 2189 insignius
854 2129 1073 2170 nomen
1123 2108 1277 2169 scil.:
1341 2107 1777 2181 „Germanica“
1829 2127 1942 2167 usu
1987 2107 2288 2169 cotidiano
2349 2108 2618 2169 futurum
2675 2109 2861 2171 fuisse

505 2206 573 2256 ut
613 2196 988 2276 reciperetur,
1036 2194 1272 2255 arridet.
1363 2193 1732 2272 „Caesarea“
1762 2212 1977 2253 nomen
2025 2214 2099 2254 ex
2138 2195 2401 2273 Augusti
2448 2204 2641 2256 aetate
2670 2216 2858 2275 usque

504 2281 589 2341 ad
634 2280 939 2341 saeculum
984 2280 1279 2340 decimum
1327 2280 1489 2360 apud
1535 2279 1845 2339 Romanos
1889 2279 2174 2339 usitatum
2219 2291 2361 2341 erat.

1227 2415 1333 2488 75.
1407 2414 2136 2480 Neocaesarea.

632 2541 1062 2614 Neocaesarea,
1130 2561 1285 2621 quae
1345 2560 1528 2622 prope
1571 2541 1810 2601 Aristeu
1873 2541 1990 2601 sita
2051 2551 2178 2603 erat
2229 2552 2288 2603 et
2330 2561 2366 2603 a
2411 2542 2547 2604 lacu
2592 2544 2854 2622 Artynia

503 2629 571 2688 in
615 2628 920 2691 meridiem
969 2626 1328 2706 vergebat1)‚
1388 2627 1641 2688 occurrit
1691 2627 1755 2685 in
1802 2628 1949 2689 actis
1995 2627 2382 2688 conciliorum
2432 2628 2749 2703 (Harduin.
2798 2650 2854 2695 a,

505 2715 650 2786 431,
710 2716 741 2773 Ι
809 2714 969 2773 1455
1028 2712 1111 2786 Ε;
1171 2734 1222 2773 a.
1285 2714 1424 2785 518,
1485 2712 1550 2772 11
1617 2713 1778 2774 1326
1843 2713 1940 2792 Ε),
2017 2713 2180 2793 apud
2253 2714 2585 2775 Hieroclem
2663 2715 2852 2793 (693),

501 2798 831 2878 Georgium
877 2797 1168 2878 Cyprium
1214 2798 1447 2876 (1333),
1493 2798 1553 2856 in
1601 2798 1819 2857 notitia
1862 2799 2309 2879 episcopatuum
2359 2799 2486 2871 (ΠΙ
2526 2800 2658 2872 130,
2693 2798 2854 2860 VIII

509 2887 648 2958 207,
695 2884 791 2944 IX
843 2886 980 2956 116,
1027 2882 1217 2960 alibi).
1306 2883 1721 2943 Neocaesarea
1779 2884 1907 2944 sine
1952 2882 2155 2957 dubio,
2215 2894 2283 2943 ut
2341 2895 2535 2945 cetera
2588 2884 2850 2945 eiusdem

503 2970 768 3030 nominis
812 2970 1065 3049 oppida,
1125 2968 1203 3029 ab
1247 2975 1529 3047 Augusto
1586 2967 1832 3029 condita
1885 2979 1987 3030 est.
2075 2969 2229 3029 Cum
2276 2969 2513 3030 Plinius
2558 2979 2617 3031 et
2659 2969 2853 3031 Ptole-

505 3076 727 3128 maeus,
758 3056 861 3133 qui
885 3057 1128 3116 alteram
1155 3054 1625 3115 Neocaesaream
1642 3054 1820 3114 Ponti
1853 3063 2335 3126 commemorant,
2366 3055 2524 3116 hanc
2554 3056 2850 3128 omittant,

501 3141 795 3222 oppidum
841 3140 1078 3201 demum
1109 3160 1183 3200 ex
1213 3151 1427 3219 quarto
1473 3139 1569 3200 vel
1597 3141 1808 3219 quinto
1852 3141 2091 3200 saeculo
2124 3140 2304 3220 paulo
2335 3139 2640 3202 florentius
2674 3150 2853 3220 atque

509 3225 872 3308 praeclarius
914 3225 1139 3286 factum
1187 3246 1313 3286 esse
1356 3225 1620 3298 videtur3
1686 3226 1952 3305 episcopi
2017 3226 2177 3286 enim
2225 3226 2392 3286 sedes
2435 3225 2662 3287 factum
2708 3236 2850 3287 erat.

503 3312 916 3373 Neocaesarea
958 3331 1200 3384 nomen,
1244 3310 1405 3390 quod
1450 3311 1677 3372 decimo
1722 3311 1963 3371 saeculo
2008 3312 2187 3371 etiam
2234 3311 2654 3391 usurpabatur,
2687 3312 2846 3392 apud

501 3398 811 3459 Romanos
854 3416 1186 3477 numquam
1231 3396 1595 3457 intercidisse
1638 3396 1891 3456 videtur.

1431 3580 1877 3668 Plu-ygin-

874 3722 979 3795 76.
1053 3722 1805 3810 Augustopolis
1858 3753 1907 3778 τ
1981 3720 2468 3789 Sfirmene.

632 3849 1077 3928 Augustopolis,
1122 3868 1278 3927 quae
1321 3847 1482 3908 intra
1525 3846 1883 3923 Polybotum
1945 3856 2005 3907 et
2048 3848 2408 3909 Aemoniam
2472 3850 2534 3908 in
2581 3849 2848 3930 Phrygia

498 3934 767 3996 Salutari
813 3935 928 3994 sita
969 3943 1110 4007 erat,
1156 3941 1246 3993 est
1287 3933 1668 3993 hodiernum:
1715 3932 2158 4005 „ssu-menam).
2245 3933 2547 4015 Oppidum
2596 3955 2846 3996 comme-

501 4030 768 4080 moratur
809 4021 870 4079 in
919 4019 1175 4080 concilio
1221 4018 1484 4099 Ephesio
1531 4018 1764 4087 (Mansi
1808 4017 1905 4078 IV
1962 4020 2156 4095 1361),
2202 4020 2365 4099 apud
2412 4019 2660 4080 Suidam
2708 4021 2844 4095 (sub

497 4105 919 4184 ‚‚Eugenios“),
966 4104 1373 4185 Epiphanium
1408 4103 1568 4179 (adv.
1599 4104 1758 4165 haer.
1795 4104 1895 4163 III
1931 4105 2152 4183 73,26),
2198 4104 2523 4184 Georgium
2557 4106 2840 4187 Cyprium

637 4274 677 4335 ι)
714 4274 957 4339 Ramsay‚
994 4273 1121 4324 Asia
1157 4271 1335 4323 Minor
1369 4289 1419 4338 p.
1459 4271 1572 4325 181.

639 4342 678 4407 ²)
716 4343 957 4408 Ramsay‚
993 4342 1026 4393 l.
1062 4358 1105 4393 c.
1143 4358 1192 4409 p.
1237 4340 1349 4404 143,
1390 4340 1499 4394 178.
