<?xml version="1.0" encoding="UTF-8"?>
<!DOCTYPE html PUBLIC "-//W3C//DTD XHTML 1.0 Transitional//EN"
    "http://www.w3.org/TR/xhtml1/DTD/xhtml1-transitional.dtd">
<html xmlns="http://www.w3.org/1999/xhtml" xml:lang="en" lang="en">
 <head>
  <title>
</title>
<meta http-equiv="Content-Type" content="text/html;charset=utf-8" />
  <meta name='ocr-system' content='tesseract 3.04.00' />
  <meta name='ocr-capabilities' content='ocr_page ocr_carea ocr_par ocr_line ocrx_word'/>
</head>
<body>
  <div class='ocr_page' id='page_1' title='image "./decoloniisoppid00assmgoog_0108.png"; bbox 0 0 3414 5193; ppageno 0'>
   <div class='ocr_carea' id='block_1_1' title="bbox 1528 479 2040 569">
    <p class='ocr_par' dir='ltr' id='par_1_1' title="bbox 1528 479 2040 569">
     <span class='ocr_line' id='line_1_1' title="bbox 1528 479 2040 569; baseline 0 -32"><span class='ocrx_word' id='word_1_1' title='bbox 1528 479 1877 569; x_wconf 66' lang='grc' dir='ltr'><strong>Δ-104</strong></span> <span class='ocrx_word' id='word_1_2' title='bbox 1970 515 2040 523; x_wconf 79' lang='lat'><em>-</em></span> 
     </span>
    </p>
   </div>
   <div class='ocr_carea' id='block_1_2' title="bbox 588 651 2943 1075">
    <p class='ocr_par' dir='ltr' id='par_1_2' title="bbox 588 651 2943 1075">
     <span class='ocr_line' id='line_1_2' title="bbox 591 651 2936 733; baseline 0 -19"><span class='ocrx_word' id='word_1_3' title='bbox 591 653 753 733; x_wconf 90' lang='lat' dir='ltr'><strong>apud</strong></span> <span class='ocrx_word' id='word_1_4' title='bbox 817 653 1224 713; x_wconf 78' lang='lat' dir='ltr'><strong>Ptolemaeum</strong></span> <span class='ocrx_word' id='word_1_5' title='bbox 1287 651 1376 729; x_wconf 93' lang='lat'><strong>(11</strong></span> <span class='ocrx_word' id='word_1_6' title='bbox 1422 654 1546 728; x_wconf 85' lang='lat'><strong>6,7)</strong></span> <span class='ocrx_word' id='word_1_7' title='bbox 1610 661 1791 731; x_wconf 84' lang='lat' dir='ltr'><strong>atque</strong></span> <span class='ocrx_word' id='word_1_8' title='bbox 1850 651 2105 712; x_wconf 85' lang='lat' dir='ltr'><strong>fortasse</strong></span> <span class='ocrx_word' id='word_1_9' title='bbox 2163 654 2225 712; x_wconf 91' lang='lat' dir='ltr'><strong>in</strong></span> <span class='ocrx_word' id='word_1_10' title='bbox 2286 653 2457 712; x_wconf 83' lang='lat' dir='ltr'><strong>titulo</strong></span> <span class='ocrx_word' id='word_1_11' title='bbox 2514 652 2602 731; x_wconf 81' lang='lat' dir='ltr'><strong>(O.</strong></span> <span class='ocrx_word' id='word_1_12' title='bbox 2649 652 2700 714; x_wconf 90' lang='grc' dir='ltr'><strong>Ι.</strong></span> <span class='ocrx_word' id='word_1_13' title='bbox 2744 653 2820 713; x_wconf 88' lang='lat' dir='ltr'><strong>L.</strong></span> <span class='ocrx_word' id='word_1_14' title='bbox 2866 652 2936 714; x_wconf 88' lang='grc' dir='ltr'>Π</span> 
     </span>
     <span class='ocr_line' id='line_1_3' title="bbox 592 738 2943 818; baseline 0 -20"><span class='ocrx_word' id='word_1_15' title='bbox 592 740 805 812; x_wconf 83' lang='grc'><strong>5752).</strong></span> <span class='ocrx_word' id='word_1_16' title='bbox 912 738 1328 816; x_wconf 78' lang='lat' dir='ltr'>Flaviobriga,</span> <span class='ocrx_word' id='word_1_17' title='bbox 1386 738 1607 818; x_wconf 90' lang='lat' dir='ltr'><strong>quippe</strong></span> <span class='ocrx_word' id='word_1_18' title='bbox 1659 758 1817 815; x_wconf 86' lang='lat' dir='ltr'><strong>quae</strong></span> <span class='ocrx_word' id='word_1_19' title='bbox 1873 738 2035 817; x_wconf 83' lang='lat' dir='ltr'><strong>apud</strong></span> <span class='ocrx_word' id='word_1_20' title='bbox 2101 738 2367 798; x_wconf 81' lang='lat' dir='ltr'><strong>Plinium</strong></span> <span class='ocrx_word' id='word_1_21' title='bbox 2432 739 2612 798; x_wconf 87' lang='lat' dir='ltr'><strong>etiam</strong></span> <span class='ocrx_word' id='word_1_22' title='bbox 2680 759 2943 800; x_wconf 89' lang='lat' dir='ltr'><strong>comme-</strong></span> 
     </span>
     <span class='ocr_line' id='line_1_4' title="bbox 590 822 2935 904; baseline 0.001 -21"><span class='ocrx_word' id='word_1_23' title='bbox 590 834 866 896; x_wconf 79' lang='lat' dir='ltr'><strong>moretur,</strong></span> <span class='ocrx_word' id='word_1_24' title='bbox 910 844 947 883; x_wconf 88' lang='lat' dir='ltr'><strong>a</strong></span> <span class='ocrx_word' id='word_1_25' title='bbox 985 824 1372 904; x_wconf 77' lang='lat' dir='ltr'><strong>Vespasiano</strong></span> <span class='ocrx_word' id='word_1_26' title='bbox 1412 822 1685 883; x_wconf 84' lang='lat' dir='ltr'><strong>coloniae</strong></span> <span class='ocrx_word' id='word_1_27' title='bbox 1727 823 1860 884; x_wconf 89' lang='lat' dir='ltr'><strong>loco</strong></span> <span class='ocrx_word' id='word_1_28' title='bbox 1904 824 2148 885; x_wconf 89' lang='lat' dir='ltr'><strong>condita</strong></span> <span class='ocrx_word' id='word_1_29' title='bbox 2190 835 2307 896; x_wconf 87' lang='lat' dir='ltr'><strong>est,</strong></span> <span class='ocrx_word' id='word_1_30' title='bbox 2352 824 2456 902; x_wconf 90' lang='lat' dir='ltr'><strong>qui</strong></span> <span class='ocrx_word' id='word_1_31' title='bbox 2498 823 2610 884; x_wconf 89' lang='lat' dir='ltr'><strong>illa</strong></span> <span class='ocrx_word' id='word_1_32' title='bbox 2652 825 2714 883; x_wconf 88' lang='lat' dir='ltr'><strong>in</strong></span> <span class='ocrx_word' id='word_1_33' title='bbox 2761 834 2935 904; x_wconf 82' lang='lat' dir='ltr'><strong>parte</strong></span> 
     </span>
     <span class='ocr_line' id='line_1_5' title="bbox 588 908 2937 989; baseline 0 -19"><span class='ocrx_word' id='word_1_34' title='bbox 588 909 1060 970; x_wconf 86' lang='lat' dir='ltr'><strong>Tarraconensis</strong></span> <span class='ocrx_word' id='word_1_35' title='bbox 1101 909 1445 989; x_wconf 86' lang='lat' dir='ltr'><strong>provinciae</strong></span> <span class='ocrx_word' id='word_1_36' title='bbox 1473 908 1666 968; x_wconf 89' lang='lat' dir='ltr'><strong>multa</strong></span> <span class='ocrx_word' id='word_1_37' title='bbox 1695 908 1925 989; x_wconf 91' lang='lat' dir='ltr'><strong>oppida</strong></span> <span class='ocrx_word' id='word_1_38' title='bbox 1952 908 2237 982; x_wconf 79' lang='lat' dir='ltr'><strong>condidit,</strong></span> <span class='ocrx_word' id='word_1_39' title='bbox 2280 929 2383 968; x_wconf 92' lang='lat' dir='ltr'><strong>seu</strong></span> <span class='ocrx_word' id='word_1_40' title='bbox 2413 909 2713 970; x_wconf 86' lang='lat' dir='ltr'><strong>beneficiis</strong></span> <span class='ocrx_word' id='word_1_41' title='bbox 2745 911 2937 971; x_wconf 75' lang='lat' dir='ltr'><strong>auxit.</strong></span> 
     </span>
     <span class='ocr_line' id='line_1_6' title="bbox 591 993 2938 1075; baseline -0 -19"><span class='ocrx_word' id='word_1_42' title='bbox 591 994 919 1075; x_wconf 86' lang='lat' dir='ltr'><strong>Oppidum,</strong></span> <span class='ocrx_word' id='word_1_43' title='bbox 961 994 1121 1073; x_wconf 91' lang='lat' dir='ltr'><strong>quod</strong></span> <span class='ocrx_word' id='word_1_44' title='bbox 1167 993 1331 1074; x_wconf 89' lang='lat' dir='ltr'><strong>prius</strong></span> <span class='ocrx_word' id='word_1_45' title='bbox 1374 994 1724 1066; x_wconf 81' lang='lat' dir='ltr'><strong>„Amanum</strong></span> <span class='ocrx_word' id='word_1_46' title='bbox 1771 1001 2014 1074; x_wconf 88' lang='lat' dir='ltr'><strong>portus“</strong></span> <span class='ocrx_word' id='word_1_47' title='bbox 2060 994 2365 1067; x_wconf 82' lang='lat' dir='ltr'><strong>audiebat,</strong></span> <span class='ocrx_word' id='word_1_48' title='bbox 2409 995 2616 1074; x_wconf 87' lang='lat' dir='ltr'><strong>exigui</strong></span> <span class='ocrx_word' id='word_1_49' title='bbox 2645 995 2938 1057; x_wconf 77' lang='lat' dir='ltr'><strong>momenti</strong></span> 
     </span>
    </p>
   </div>
   <div class='ocr_carea' id='block_1_3' title="bbox 588 1079 2935 1227">
    <p class='ocr_par' dir='ltr' id='par_1_3' title="bbox 588 1079 2935 1227">
     <span class='ocr_line' id='line_1_7' title="bbox 588 1079 2935 1224; baseline -0 -83"><span class='ocrx_word' id='word_1_50' title='bbox 588 1079 777 1224; x_wconf 50' lang='lat' dir='ltr'><strong>{uisse</strong></span> <span class='ocrx_word' id='word_1_51' title='bbox 819 1079 1070 1153; x_wconf 83' lang='lat' dir='ltr'><strong>videtur,</strong></span> <span class='ocrx_word' id='word_1_52' title='bbox 1110 1100 1246 1140; x_wconf 89' lang='lat' dir='ltr'><strong>cum</strong></span> <span class='ocrx_word' id='word_1_53' title='bbox 1279 1089 1413 1160; x_wconf 85' lang='lat' dir='ltr'><strong>post</strong></span> <span class='ocrx_word' id='word_1_54' title='bbox 1439 1079 1851 1140; x_wconf 87' lang='lat' dir='ltr'><strong>Ptolemaeum</strong></span> <span class='ocrx_word' id='word_1_55' title='bbox 1895 1080 2103 1140; x_wconf 88' lang='lat' dir='ltr'><strong>nullus</strong></span> <span class='ocrx_word' id='word_1_56' title='bbox 2134 1089 2342 1141; x_wconf 83' lang='lat' dir='ltr'><strong>auctor</strong></span> <span class='ocrx_word' id='word_1_57' title='bbox 2370 1079 2535 1141; x_wconf 85' lang='lat' dir='ltr'><strong>illius</strong></span> <span class='ocrx_word' id='word_1_58' title='bbox 2568 1081 2935 1142; x_wconf 86' lang='lat' dir='ltr'><strong>mentionem</strong></span> 
     </span>
     <span class='ocr_line' id='line_1_8' title="bbox 620 1168 795 1227; baseline 0.006 -1"><span class='ocrx_word' id='word_1_59' title='bbox 620 1168 795 1227; x_wconf 85' lang='lat' dir='ltr'><strong>aciat.</strong></span> 
     </span>
    </p>
   </div>
   <div class='ocr_carea' id='block_1_4' title="bbox 1099 1281 2438 1372">
    <p class='ocr_par' dir='ltr' id='par_1_4' title="bbox 1099 1281 2438 1372">
     <span class='ocr_line' id='line_1_9' title="bbox 1099 1281 2438 1372; baseline 0.002 -27"><span class='ocrx_word' id='word_1_60' title='bbox 1099 1284 1241 1348; x_wconf 86' lang='lat'><strong>128.</strong></span> <span class='ocrx_word' id='word_1_61' title='bbox 1314 1281 1758 1348; x_wconf 89' lang='lat' dir='ltr'><strong>Flavium</strong></span> <span class='ocrx_word' id='word_1_62' title='bbox 1809 1284 2438 1372; x_wconf 87' lang='lat' dir='ltr'><strong>Brigantium.</strong></span> 
     </span>
    </p>
   </div>
   <div class='ocr_carea' id='block_1_5' title="bbox 589 1407 2940 1916">
    <p class='ocr_par' dir='ltr' id='par_1_5' title="bbox 589 1407 2940 1916">
     <span class='ocr_line' id='line_1_10' title="bbox 718 1407 2940 1487; baseline 0 -19"><span class='ocrx_word' id='word_1_63' title='bbox 718 1409 1113 1487; x_wconf 87' lang='lat' dir='ltr'><strong>Brigantium,</strong></span> <span class='ocrx_word' id='word_1_64' title='bbox 1159 1407 1585 1469; x_wconf 85' lang='lat' dir='ltr'><strong>Gallaecorum</strong></span> <span class='ocrx_word' id='word_1_65' title='bbox 1637 1408 1702 1467; x_wconf 93' lang='lat' dir='ltr'><strong>in</strong></span> <span class='ocrx_word' id='word_1_66' title='bbox 1759 1410 2055 1469; x_wconf 86' lang='lat' dir='ltr'><strong>territorio</strong></span> <span class='ocrx_word' id='word_1_67' title='bbox 2117 1410 2181 1468; x_wconf 92' lang='lat' dir='ltr'><strong>in</strong></span> <span class='ocrx_word' id='word_1_68' title='bbox 2244 1429 2353 1469; x_wconf 90' lang='lat' dir='ltr'><strong>ora</strong></span> <span class='ocrx_word' id='word_1_69' title='bbox 2393 1409 2697 1470; x_wconf 87' lang='lat' dir='ltr'><strong>maritima</strong></span> <span class='ocrx_word' id='word_1_70' title='bbox 2741 1410 2940 1483; x_wconf 88' lang='lat' dir='ltr'><strong>situm,</strong></span> 
     </span>
     <span class='ocr_line' id='line_1_11' title="bbox 594 1486 2940 1575; baseline 0.001 -22"><span class='ocrx_word' id='word_1_71' title='bbox 594 1496 678 1555; x_wconf 91' lang='lat' dir='ltr'><strong>ita</strong></span> <span class='ocrx_word' id='word_1_72' title='bbox 722 1494 891 1555; x_wconf 86' lang='lat' dir='ltr'><strong>audit</strong></span> <span class='ocrx_word' id='word_1_73' title='bbox 935 1494 1100 1575; x_wconf 87' lang='lat' dir='ltr'><strong>apud</strong></span> <span class='ocrx_word' id='word_1_74' title='bbox 1145 1494 1406 1555; x_wconf 83' lang='lat' dir='ltr'><strong>Dionem</strong></span> <span class='ocrx_word' id='word_1_75' title='bbox 1454 1496 1707 1571; x_wconf 82' lang='lat'><strong>(37,53),</strong></span> <span class='ocrx_word' id='word_1_76' title='bbox 1755 1486 2049 1572; x_wconf 65' lang='lat' dir='ltr'><strong>Orosium‘</strong></span> <span class='ocrx_word' id='word_1_77' title='bbox 2082 1495 2172 1573; x_wconf 92' lang='lat' dir='ltr'><strong>(II</strong></span> <span class='ocrx_word' id='word_1_78' title='bbox 2218 1496 2296 1573; x_wconf 82' lang='lat'><strong>2),</strong></span> <span class='ocrx_word' id='word_1_79' title='bbox 2344 1495 2411 1553; x_wconf 92' lang='lat' dir='ltr'><strong>in</strong></span> <span class='ocrx_word' id='word_1_80' title='bbox 2463 1495 2768 1556; x_wconf 84' lang='lat' dir='ltr'><strong>itinerario</strong></span> <span class='ocrx_word' id='word_1_81' title='bbox 2816 1496 2940 1555; x_wconf 87' lang='lat' dir='ltr'><strong>An-</strong></span> 
     </span>
     <span class='ocr_line' id='line_1_12' title="bbox 593 1579 2936 1660; baseline 0 -20"><span class='ocrx_word' id='word_1_82' title='bbox 593 1580 784 1640; x_wconf 85' lang='lat' dir='ltr'><strong>tonini</strong></span> <span class='ocrx_word' id='word_1_83' title='bbox 859 1585 938 1660; x_wconf 82' lang='lat' dir='ltr'><strong>(p.</strong></span> <span class='ocrx_word' id='word_1_84' title='bbox 1000 1580 1180 1659; x_wconf 82' lang='lat'>424);</span> <span class='ocrx_word' id='word_1_85' title='bbox 1252 1579 1630 1640; x_wconf 84' lang='lat' dir='ltr'><strong>Ptolemaeus</strong></span> <span class='ocrx_word' id='word_1_86' title='bbox 1705 1588 1906 1640; x_wconf 88' lang='lat' dir='ltr'><strong>autem</strong></span> <span class='ocrx_word' id='word_1_87' title='bbox 1992 1582 2080 1649; x_wconf 85' lang='lat' dir='ltr'><strong>(II</strong></span> <span class='ocrx_word' id='word_1_88' title='bbox 2158 1582 2211 1653; x_wconf 91' lang='grc'><strong>6,</strong></span> <span class='ocrx_word' id='word_1_89' title='bbox 2227 1582 2292 1654; x_wconf 83' lang='grc'><strong>4)</strong></span> <span class='ocrx_word' id='word_1_90' title='bbox 2368 1580 2658 1660; x_wconf 92' lang='lat' dir='ltr'><strong>oppidum</strong></span> <span class='ocrx_word' id='word_1_91' title='bbox 2694 1654 2699 1658; x_wconf 87' lang='lat'><strong>.</strong></span> <span class='ocrx_word' id='word_1_92' title='bbox 2730 1590 2936 1641; x_wconf 86' lang='lat' dir='ltr'><strong>vocat:</strong></span> 
     </span>
     <span class='ocr_line' id='line_1_13' title="bbox 589 1663 2934 1745; baseline 0.001 -20"><span class='ocrx_word' id='word_1_93' title='bbox 589 1664 912 1738; x_wconf 84' lang='lat' dir='ltr'><strong>„Flavium</strong></span> <span class='ocrx_word' id='word_1_94' title='bbox 979 1663 1413 1743; x_wconf 90' lang='lat' dir='ltr'><strong>Brigantium“.</strong></span> <span class='ocrx_word' id='word_1_95' title='bbox 1500 1665 1805 1726; x_wconf 90' lang='lat' dir='ltr'><strong>Beneficio</strong></span> <span class='ocrx_word' id='word_1_96' title='bbox 1872 1666 2055 1745; x_wconf 82' lang='lat' dir='ltr'><strong>igitur</strong></span> <span class='ocrx_word' id='word_1_97' title='bbox 2116 1686 2153 1726; x_wconf 90' lang='lat' dir='ltr'><strong>a</strong></span> <span class='ocrx_word' id='word_1_98' title='bbox 2223 1665 2608 1745; x_wconf 82' lang='lat' dir='ltr'><strong>Vespasiano</strong></span> <span class='ocrx_word' id='word_1_99' title='bbox 2674 1676 2934 1740; x_wconf 82' lang='lat' dir='ltr'><strong>auctum,</strong></span> 
     </span>
     <span class='ocr_line' id='line_1_14' title="bbox 593 1750 2938 1832; baseline 0 -21"><span class='ocrx_word' id='word_1_100' title='bbox 593 1750 877 1832; x_wconf 91' lang='lat' dir='ltr'><strong>oppidum</strong></span> <span class='ocrx_word' id='word_1_101' title='bbox 938 1752 1008 1810; x_wconf 80' lang='lat' dir='ltr'><strong>in&#39;</strong></span> <span class='ocrx_word' id='word_1_102' title='bbox 1060 1751 1223 1810; x_wconf 90' lang='lat' dir='ltr'><strong>illius</strong></span> <span class='ocrx_word' id='word_1_103' title='bbox 1283 1750 1571 1811; x_wconf 78' lang='lat' dir='ltr'><strong>honorem</strong></span> <span class='ocrx_word' id='word_1_104' title='bbox 1635 1751 1994 1823; x_wconf 88' lang='lat' dir='ltr'><strong>„Flavium“</strong></span> <span class='ocrx_word' id='word_1_105' title='bbox 2051 1771 2385 1830; x_wconf 81' lang='lat' dir='ltr'><strong>cognomen</strong></span> <span class='ocrx_word' id='word_1_106' title='bbox 2454 1751 2568 1811; x_wconf 90' lang='lat' dir='ltr'><strong>sibi</strong></span> <span class='ocrx_word' id='word_1_107' title='bbox 2636 1752 2938 1832; x_wconf 86' lang='lat' dir='ltr'><strong>imposuit,</strong></span> 
     </span>
     <span class='ocr_line' id='line_1_15' title="bbox 592 1835 2800 1916; baseline 0.001 -20"><span class='ocrx_word' id='word_1_108' title='bbox 592 1837 753 1916; x_wconf 89' lang='lat' dir='ltr'><strong>quod</strong></span> <span class='ocrx_word' id='word_1_109' title='bbox 799 1837 986 1898; x_wconf 89' lang='lat' dir='ltr'><strong>altero</strong></span> <span class='ocrx_word' id='word_1_110' title='bbox 1031 1836 1273 1897; x_wconf 88' lang='lat' dir='ltr'><strong>saeculo</strong></span> <span class='ocrx_word' id='word_1_111' title='bbox 1317 1835 1495 1897; x_wconf 90' lang='lat' dir='ltr'><strong>etiam</strong></span> <span class='ocrx_word' id='word_1_112' title='bbox 1541 1836 1790 1916; x_wconf 87' lang='lat' dir='ltr'><strong>volgare</strong></span> <span class='ocrx_word' id='word_1_113' title='bbox 1831 1846 1974 1910; x_wconf 88' lang='lat' dir='ltr'><strong>erat,</strong></span> <span class='ocrx_word' id='word_1_114' title='bbox 2020 1838 2190 1897; x_wconf 90' lang='lat' dir='ltr'><strong>tertio</strong></span> <span class='ocrx_word' id='word_1_115' title='bbox 2238 1846 2437 1897; x_wconf 89' lang='lat' dir='ltr'><strong>autem</strong></span> <span class='ocrx_word' id='word_1_116' title='bbox 2481 1836 2800 1899; x_wconf 83' lang='lat' dir='ltr'><strong>intercidit.</strong></span> 
     </span>
    </p>
   </div>
   <div class='ocr_carea' id='block_1_6' title="bbox 1233 2006 2318 2075">
    <p class='ocr_par' dir='ltr' id='par_1_6' title="bbox 1233 2006 2318 2075">
     <span class='ocr_line' id='line_1_16' title="bbox 1233 2006 2318 2075; baseline 0.001 -5"><span class='ocrx_word' id='word_1_117' title='bbox 1233 2009 1376 2075; x_wconf 79' lang='lat'><strong>129.</strong></span> <span class='ocrx_word' id='word_1_118' title='bbox 1451 2006 1801 2072; x_wconf 89' lang='lat' dir='ltr'><strong>Flavia</strong></span> <span class='ocrx_word' id='word_1_119' title='bbox 1848 2007 2318 2072; x_wconf 81' lang='lat' dir='ltr'><strong>Lambris,</strong></span> 
     </span>
    </p>
   </div>
   <div class='ocr_carea' id='block_1_7' title="bbox 591 2132 2944 2641">
    <p class='ocr_par' dir='ltr' id='par_1_7' title="bbox 591 2132 2944 2641">
     <span class='ocr_line' id='line_1_17' title="bbox 721 2132 2943 2213; baseline 0 -22"><span class='ocrx_word' id='word_1_120' title='bbox 721 2132 1100 2193; x_wconf 88' lang='lat' dir='ltr'><strong>Ptolemaeus</strong></span> <span class='ocrx_word' id='word_1_121' title='bbox 1145 2133 1236 2211; x_wconf 94' lang='lat' dir='ltr'><strong>(II</strong></span> <span class='ocrx_word' id='word_1_122' title='bbox 1283 2133 1448 2206; x_wconf 63' lang='lat'>636)</span> <span class='ocrx_word' id='word_1_123' title='bbox 1495 2132 1879 2213; x_wconf 83' lang='lat' dir='ltr'><strong>Baedyorum</strong></span> <span class='ocrx_word' id='word_1_124' title='bbox 1926 2133 1985 2192; x_wconf 92' lang='lat' dir='ltr'><strong>in</strong></span> <span class='ocrx_word' id='word_1_125' title='bbox 2048 2133 2340 2193; x_wconf 89' lang='lat' dir='ltr'><strong>territorio</strong></span> <span class='ocrx_word' id='word_1_126' title='bbox 2397 2132 2943 2206; x_wconf 71' lang='lat' dir='ltr'><strong>„Flaviana-Lam-</strong></span> 
     </span>
     <span class='ocr_line' id='line_1_18' title="bbox 591 2218 2940 2299; baseline 0 -21"><span class='ocrx_word' id='word_1_127' title='bbox 591 2218 780 2278; x_wconf 89' lang='lat' dir='ltr'><strong>brim“</strong></span> <span class='ocrx_word' id='word_1_128' title='bbox 824 2227 1264 2291; x_wconf 88' lang='lat' dir='ltr'><strong>commemorat,</strong></span> <span class='ocrx_word' id='word_1_129' title='bbox 1308 2238 1463 2297; x_wconf 91' lang='lat' dir='ltr'><strong>quae</strong></span> <span class='ocrx_word' id='word_1_130' title='bbox 1508 2219 1929 2299; x_wconf 85' lang='lat' dir='ltr'><strong>componenda</strong></span> <span class='ocrx_word' id='word_1_131' title='bbox 1973 2238 2101 2280; x_wconf 87' lang='lat' dir='ltr'><strong>esse</strong></span> <span class='ocrx_word' id='word_1_132' title='bbox 2143 2218 2379 2280; x_wconf 82' lang='lat' dir='ltr'><strong>videtur</strong></span> <span class='ocrx_word' id='word_1_133' title='bbox 2422 2238 2555 2278; x_wconf 89' lang='lat' dir='ltr'><strong>cum</strong></span> <span class='ocrx_word' id='word_1_134' title='bbox 2589 2218 2940 2293; x_wconf 89' lang='lat' dir='ltr'><strong>Lambrica,</strong></span> 
     </span>
     <span class='ocr_line' id='line_1_19' title="bbox 595 2303 2944 2385; baseline 0 -22"><span class='ocrx_word' id='word_1_135' title='bbox 595 2303 756 2383; x_wconf 89' lang='lat' dir='ltr'><strong>quod</strong></span> <span class='ocrx_word' id='word_1_136' title='bbox 815 2303 1106 2384; x_wconf 91' lang='lat' dir='ltr'><strong>oppidum</strong></span> <span class='ocrx_word' id='word_1_137' title='bbox 1161 2303 1327 2364; x_wconf 90' lang='lat' dir='ltr'><strong>Mela</strong></span> <span class='ocrx_word' id='word_1_138' title='bbox 1385 2303 1512 2382; x_wconf 86' lang='grc' dir='ltr'><strong>(ΠΙ</strong></span> <span class='ocrx_word' id='word_1_139' title='bbox 1561 2305 1684 2382; x_wconf 88' lang='grc'><strong>1,8)</strong></span> <span class='ocrx_word' id='word_1_140' title='bbox 1733 2304 1934 2376; x_wconf 83' lang='lat' dir='ltr'><strong>affert3</strong></span> <span class='ocrx_word' id='word_1_141' title='bbox 1981 2304 2299 2385; x_wconf 90' lang='lat' dir='ltr'><strong>oppidum,</strong></span> <span class='ocrx_word' id='word_1_142' title='bbox 2355 2304 2517 2384; x_wconf 91' lang='lat' dir='ltr'><strong>quod</strong></span> <span class='ocrx_word' id='word_1_143' title='bbox 2562 2303 2717 2364; x_wconf 89' lang='lat' dir='ltr'><strong>inter</strong></span> <span class='ocrx_word' id='word_1_144' title='bbox 2758 2304 2944 2378; x_wconf 90' lang='lat' dir='ltr'><strong>„Bra-</strong></span> 
     </span>
     <span class='ocr_line' id='line_1_20' title="bbox 594 2389 2941 2469; baseline 0 -20"><span class='ocrx_word' id='word_1_145' title='bbox 594 2409 793 2449; x_wconf 87' lang='lat' dir='ltr'><strong>caram</strong></span> <span class='ocrx_word' id='word_1_146' title='bbox 841 2395 1220 2468; x_wconf 77' lang='lat' dir='ltr'><strong>Augustam“</strong></span> <span class='ocrx_word' id='word_1_147' title='bbox 1263 2398 1322 2449; x_wconf 89' lang='lat' dir='ltr'><strong>et</strong></span> <span class='ocrx_word' id='word_1_148' title='bbox 1361 2390 1633 2462; x_wconf 90' lang='lat' dir='ltr'><strong>„Lucum</strong></span> <span class='ocrx_word' id='word_1_149' title='bbox 1680 2389 1980 2467; x_wconf 88' lang='lat' dir='ltr'><strong>Augusti“</strong></span> <span class='ocrx_word' id='word_1_150' title='bbox 2022 2391 2197 2449; x_wconf 87' lang='lat' dir='ltr'><strong>situm</strong></span> <span class='ocrx_word' id='word_1_151' title='bbox 2246 2398 2388 2461; x_wconf 89' lang='lat' dir='ltr'><strong>erat,</strong></span> <span class='ocrx_word' id='word_1_152' title='bbox 2433 2389 2767 2466; x_wconf 81' lang='lat' dir='ltr'><strong>‚‚Flaviae“</strong></span> <span class='ocrx_word' id='word_1_153' title='bbox 2808 2409 2941 2469; x_wconf 89' lang='lat' dir='ltr'><strong>cog-</strong></span> 
     </span>
     <span class='ocr_line' id='line_1_21' title="bbox 592 2474 2942 2556; baseline 0 -21"><span class='ocrx_word' id='word_1_154' title='bbox 592 2494 816 2535; x_wconf 89' lang='lat' dir='ltr'><strong>nomen</strong></span> <span class='ocrx_word' id='word_1_155' title='bbox 860 2475 975 2535; x_wconf 87' lang='lat' dir='ltr'><strong>sibi</strong></span> <span class='ocrx_word' id='word_1_156' title='bbox 1019 2475 1304 2554; x_wconf 90' lang='lat' dir='ltr'><strong>imposuit</strong></span> <span class='ocrx_word' id='word_1_157' title='bbox 1329 2474 1395 2533; x_wconf 90' lang='lat' dir='ltr'><strong>in</strong></span> <span class='ocrx_word' id='word_1_158' title='bbox 1425 2475 1710 2534; x_wconf 88' lang='lat' dir='ltr'><strong>honorem</strong></span> <span class='ocrx_word' id='word_1_159' title='bbox 1745 2475 2127 2556; x_wconf 87' lang='lat' dir='ltr'><strong>Vespasiani,</strong></span> <span class='ocrx_word' id='word_1_160' title='bbox 2173 2476 2277 2554; x_wconf 90' lang='lat' dir='ltr'><strong>qui</strong></span> <span class='ocrx_word' id='word_1_161' title='bbox 2307 2475 2522 2535; x_wconf 89' lang='lat' dir='ltr'><strong>incolis</strong></span> <span class='ocrx_word' id='word_1_162' title='bbox 2558 2475 2942 2555; x_wconf 86' lang='lat' dir='ltr'><strong>privilegium</strong></span> 
     </span>
     <span class='ocr_line' id='line_1_22' title="bbox 594 2559 1502 2641; baseline 0.001 -20"><span class='ocrx_word' id='word_1_163' title='bbox 594 2560 902 2641; x_wconf 92' lang='lat' dir='ltr'><strong>quoddam</strong></span> <span class='ocrx_word' id='word_1_164' title='bbox 948 2560 1208 2621; x_wconf 90' lang='lat' dir='ltr'><strong>donasse</strong></span> <span class='ocrx_word' id='word_1_165' title='bbox 1251 2559 1502 2622; x_wconf 87' lang='lat' dir='ltr'><strong>videtur.</strong></span> 
     </span>
    </p>
   </div>
   <div class='ocr_carea' id='block_1_8' title="bbox 1375 2713 2196 2779">
    <p class='ocr_par' dir='ltr' id='par_1_8' title="bbox 1375 2713 2196 2779">
     <span class='ocr_line' id='line_1_23' title="bbox 1375 2713 2196 2779; baseline 0.001 -2"><span class='ocrx_word' id='word_1_166' title='bbox 1375 2714 1517 2778; x_wconf 87' lang='grc'><strong>130.</strong></span> <span class='ocrx_word' id='word_1_167' title='bbox 1589 2715 1784 2779; x_wconf 88' lang='lat' dir='ltr'><strong>Iria</strong></span> <span class='ocrx_word' id='word_1_168' title='bbox 1830 2713 2196 2778; x_wconf 88' lang='lat' dir='ltr'><strong>Flavia.</strong></span> 
     </span>
    </p>
   </div>
   <div class='ocr_carea' id='block_1_9' title="bbox 596 2838 2942 3175">
    <p class='ocr_par' dir='ltr' id='par_1_9' title="bbox 596 2838 2942 3175">
     <span class='ocr_line' id='line_1_24' title="bbox 725 2838 2939 2919; baseline 0.001 -21"><span class='ocrx_word' id='word_1_169' title='bbox 725 2840 873 2912; x_wconf 90' lang='lat' dir='ltr'><strong>Iria,</strong></span> <span class='ocrx_word' id='word_1_170' title='bbox 934 2860 1090 2919; x_wconf 91' lang='lat' dir='ltr'><strong>quae</strong></span> <span class='ocrx_word' id='word_1_171' title='bbox 1150 2862 1188 2901; x_wconf 92' lang='lat' dir='ltr'><strong>a</strong></span> <span class='ocrx_word' id='word_1_172' title='bbox 1229 2839 1450 2901; x_wconf 88' lang='lat' dir='ltr'><strong>Flavia</strong></span> <span class='ocrx_word' id='word_1_173' title='bbox 1515 2838 1765 2900; x_wconf 88' lang='lat' dir='ltr'><strong>Lambri</strong></span> <span class='ocrx_word' id='word_1_174' title='bbox 1828 2839 2009 2919; x_wconf 91' lang='lat' dir='ltr'><strong>paulo</strong></span> <span class='ocrx_word' id='word_1_175' title='bbox 2079 2840 2137 2898; x_wconf 91' lang='lat' dir='ltr'><strong>in</strong></span> <span class='ocrx_word' id='word_1_176' title='bbox 2184 2841 2467 2900; x_wconf 88' lang='lat' dir='ltr'><strong>orientem</strong></span> <span class='ocrx_word' id='word_1_177' title='bbox 2517 2840 2828 2919; x_wconf 87' lang='lat' dir='ltr'><strong>vergebat,</strong></span> <span class='ocrx_word' id='word_1_178' title='bbox 2876 2841 2939 2900; x_wconf 88' lang='lat' dir='ltr'><strong>in</strong></span> 
     </span>
     <span class='ocr_line' id='line_1_25' title="bbox 596 2923 2942 3006; baseline 0.001 -23"><span class='ocrx_word' id='word_1_179' title='bbox 596 2924 900 2986; x_wconf 90' lang='lat' dir='ltr'><strong>itinerario</strong></span> <span class='ocrx_word' id='word_1_180' title='bbox 945 2928 1245 2986; x_wconf 90' lang='lat' dir='ltr'><strong>Antonini</strong></span> <span class='ocrx_word' id='word_1_181' title='bbox 1292 2932 1370 3006; x_wconf 95' lang='lat' dir='ltr'><strong>(p.</strong></span> <span class='ocrx_word' id='word_1_182' title='bbox 1417 2927 1567 3002; x_wconf 84' lang='lat'>430)</span> <span class='ocrx_word' id='word_1_183' title='bbox 1613 2923 1792 2984; x_wconf 89' lang='lat' dir='ltr'><strong>false:</strong></span> <span class='ocrx_word' id='word_1_184' title='bbox 1867 2924 2097 2998; x_wconf 90' lang='lat' dir='ltr'><strong>,‚Pria“‚</strong></span> <span class='ocrx_word' id='word_1_185' title='bbox 2144 2925 2304 3005; x_wconf 90' lang='lat' dir='ltr'><strong>apud</strong></span> <span class='ocrx_word' id='word_1_186' title='bbox 2349 2925 2773 2986; x_wconf 88' lang='lat' dir='ltr'><strong>Ravennatem</strong></span> <span class='ocrx_word' id='word_1_187' title='bbox 2822 2925 2942 3005; x_wconf 94' lang='lat' dir='ltr'><strong>(IV</strong></span> 
     </span>
     <span class='ocr_line' id='line_1_26' title="bbox 597 3010 2938 3091; baseline 0.001 -23"><span class='ocrx_word' id='word_1_188' title='bbox 597 3013 705 3087; x_wconf 85' lang='lat'><strong>45)</strong></span> <span class='ocrx_word' id='word_1_189' title='bbox 749 3022 807 3071; x_wconf 91' lang='lat' dir='ltr'><strong>et</strong></span> <span class='ocrx_word' id='word_1_190' title='bbox 851 3013 914 3070; x_wconf 92' lang='lat' dir='ltr'><strong>in</strong></span> <span class='ocrx_word' id='word_1_191' title='bbox 961 3012 1160 3091; x_wconf 91' lang='lat' dir='ltr'><strong>aliquo</strong></span> <span class='ocrx_word' id='word_1_192' title='bbox 1207 3011 1381 3071; x_wconf 91' lang='lat' dir='ltr'><strong>titulo</strong></span> <span class='ocrx_word' id='word_1_193' title='bbox 1425 3011 1684 3085; x_wconf 86' lang='lat' dir='ltr'><strong>(Gruter.</strong></span> <span class='ocrx_word' id='word_1_194' title='bbox 1731 3031 1788 3089; x_wconf 92' lang='lat' dir='ltr'><strong>p.</strong></span> <span class='ocrx_word' id='word_1_195' title='bbox 1835 3013 2005 3083; x_wconf 84' lang='lat'>305):</span> <span class='ocrx_word' id='word_1_196' title='bbox 2053 3010 2266 3084; x_wconf 89' lang='lat' dir='ltr'><strong>‚,Iria“‚</strong></span> <span class='ocrx_word' id='word_1_197' title='bbox 2315 3011 2477 3090; x_wconf 88' lang='lat' dir='ltr'><strong>apud</strong></span> <span class='ocrx_word' id='word_1_198' title='bbox 2523 3011 2938 3072; x_wconf 89' lang='lat' dir='ltr'><strong>Ptolemaeum</strong></span> 
     </span>
     <span class='ocr_line' id='line_1_27' title="bbox 599 3095 2940 3175; baseline 0 -19"><span class='ocrx_word' id='word_1_199' title='bbox 599 3096 688 3167; x_wconf 92' lang='lat' dir='ltr'><strong>(II</strong></span> <span class='ocrx_word' id='word_1_200' title='bbox 738 3099 903 3175; x_wconf 61' lang='lat'><strong>634)</strong></span> <span class='ocrx_word' id='word_1_201' title='bbox 949 3107 1146 3158; x_wconf 89' lang='lat' dir='ltr'><strong>autem</strong></span> <span class='ocrx_word' id='word_1_202' title='bbox 1189 3099 1351 3171; x_wconf 88' lang='lat' dir='ltr'><strong>„Iria</strong></span> <span class='ocrx_word' id='word_1_203' title='bbox 1380 3097 1636 3158; x_wconf 81' lang='lat' dir='ltr'><strong>Flavia“</strong></span> <span class='ocrx_word' id='word_1_204' title='bbox 1682 3095 1867 3168; x_wconf 83' lang='lat' dir='ltr'><strong>audit,</strong></span> <span class='ocrx_word' id='word_1_205' title='bbox 1914 3097 1999 3155; x_wconf 90' lang='lat' dir='ltr'><strong>ita</strong></span> <span class='ocrx_word' id='word_1_206' title='bbox 2044 3106 2111 3155; x_wconf 92' lang='lat' dir='ltr'><strong>ut</strong></span> <span class='ocrx_word' id='word_1_207' title='bbox 2153 3096 2309 3156; x_wconf 91' lang='lat' dir='ltr'><strong>idem</strong></span> <span class='ocrx_word' id='word_1_208' title='bbox 2356 3106 2536 3174; x_wconf 90' lang='lat' dir='ltr'><strong>atque</strong></span> <span class='ocrx_word' id='word_1_209' title='bbox 2580 3097 2653 3157; x_wconf 92' lang='lat' dir='ltr'><strong>de</strong></span> <span class='ocrx_word' id='word_1_210' title='bbox 2682 3097 2940 3171; x_wconf 87' lang='lat' dir='ltr'><strong>„Flavio</strong></span> 
     </span>
    </p>
   </div>
   <div class='ocr_carea' id='block_1_10' title="bbox 599 3181 2938 3329">
    <p class='ocr_par' dir='ltr' id='par_1_10' title="bbox 599 3181 2938 3329">
     <span class='ocr_line' id='line_1_28' title="bbox 599 3181 2938 3261; baseline 0 -21"><span class='ocrx_word' id='word_1_211' title='bbox 599 3181 950 3261; x_wconf 89' lang='lat' dir='ltr'><strong>Brigantio“</strong></span> <span class='ocrx_word' id='word_1_212' title='bbox 993 3183 1376 3243; x_wconf 85' lang='lat' dir='ltr'><strong>statuendum</strong></span> <span class='ocrx_word' id='word_1_213' title='bbox 1421 3183 1524 3254; x_wconf 82' lang='lat' dir='ltr'><strong>sit3</strong></span> <span class='ocrx_word' id='word_1_214' title='bbox 1569 3181 1867 3260; x_wconf 86' lang='lat' dir='ltr'><strong>,‚Flavia“</strong></span> <span class='ocrx_word' id='word_1_215' title='bbox 1913 3201 2247 3260; x_wconf 89' lang='lat' dir='ltr'><strong>cognomen</strong></span> <span class='ocrx_word' id='word_1_216' title='bbox 2302 3182 2472 3242; x_wconf 89' lang='lat' dir='ltr'><strong>tertio</strong></span> <span class='ocrx_word' id='word_1_217' title='bbox 2512 3183 2772 3250; x_wconf 72' lang='lat' dir='ltr'><strong>¹saeculo</strong></span> <span class='ocrx_word' id='word_1_218' title='bbox 2818 3183 2938 3242; x_wconf 90' lang='lat' dir='ltr'><strong>iam</strong></span> 
     </span>
     <span class='ocr_line' id='line_1_29' title="bbox 600 3268 992 3329; baseline 0.01 -4"><span class='ocrx_word' id='word_1_219' title='bbox 600 3268 992 3329; x_wconf 85' lang='lat' dir='ltr'><strong>interciderat.</strong></span> 
     </span>
    </p>
   </div>
   <div class='ocr_carea' id='block_1_11' title="bbox 1037 3402 2502 3477">
    <p class='ocr_par' dir='ltr' id='par_1_11' title="bbox 1037 3402 2502 3477">
     <span class='ocr_line' id='line_1_30' title="bbox 1037 3402 2502 3477; baseline 0.001 -10"><span class='ocrx_word' id='word_1_220' title='bbox 1037 3402 1977 3477; x_wconf 82' lang='lat' dir='ltr'><strong>131.1nterammium</strong></span> <span class='ocrx_word' id='word_1_221' title='bbox 2048 3402 2502 3469; x_wconf 89' lang='lat' dir='ltr'><strong>Flavium.</strong></span> 
     </span>
    </p>
   </div>
   <div class='ocr_carea' id='block_1_12' title="bbox 599 3527 2965 3951">
    <p class='ocr_par' dir='ltr' id='par_1_12' title="bbox 599 3527 2965 3951">
     <span class='ocr_line' id='line_1_31' title="bbox 730 3527 2965 3609; baseline -0.002 -22"><span class='ocrx_word' id='word_1_222' title='bbox 730 3528 1204 3600; x_wconf 87' lang='lat' dir='ltr'><strong>Interammium‚</strong></span> <span class='ocrx_word' id='word_1_223' title='bbox 1251 3549 1435 3609; x_wconf 91' lang='lat' dir='ltr'><strong>prope</strong></span> <span class='ocrx_word' id='word_1_224' title='bbox 1477 3528 1822 3588; x_wconf 87' lang='lat' dir='ltr'><strong>Asturicam</strong></span> <span class='ocrx_word' id='word_1_225' title='bbox 1870 3529 2211 3606; x_wconf 89' lang='lat' dir='ltr'><strong>Augustam</strong></span> <span class='ocrx_word' id='word_1_226' title='bbox 2268 3529 2473 3599; x_wconf 89' lang='lat' dir='ltr'><strong>situm,</strong></span> <span class='ocrx_word' id='word_1_227' title='bbox 2539 3527 2703 3608; x_wconf 90' lang='lat' dir='ltr'><strong>apud</strong></span> <span class='ocrx_word' id='word_1_228' title='bbox 2748 3527 2965 3589; x_wconf 56' lang='lat' dir='ltr'><strong>Ptole„</strong></span> 
     </span>
     <span class='ocr_line' id='line_1_32' title="bbox 602 3614 2943 3693; baseline 0.001 -20"><span class='ocrx_word' id='word_1_229' title='bbox 602 3634 839 3673; x_wconf 89' lang='lat' dir='ltr'><strong>maeum</strong></span> <span class='ocrx_word' id='word_1_230' title='bbox 888 3614 978 3692; x_wconf 95' lang='lat' dir='ltr'><strong>(II</strong></span> <span class='ocrx_word' id='word_1_231' title='bbox 1024 3615 1188 3691; x_wconf 82' lang='lat'><strong>6,29)</strong></span> <span class='ocrx_word' id='word_1_232' title='bbox 1250 3622 1310 3674; x_wconf 92' lang='lat' dir='ltr'><strong>et</strong></span> <span class='ocrx_word' id='word_1_233' title='bbox 1368 3615 1429 3673; x_wconf 93' lang='lat' dir='ltr'><strong>in</strong></span> <span class='ocrx_word' id='word_1_234' title='bbox 1491 3614 1795 3674; x_wconf 89' lang='lat' dir='ltr'><strong>itinerario</strong></span> <span class='ocrx_word' id='word_1_235' title='bbox 1860 3614 2163 3673; x_wconf 91' lang='lat' dir='ltr'><strong>Antonini</strong></span> <span class='ocrx_word' id='word_1_236' title='bbox 2225 3618 2305 3693; x_wconf 92' lang='lat' dir='ltr'><strong>(p.</strong></span> <span class='ocrx_word' id='word_1_237' title='bbox 2353 3615 2494 3683; x_wconf 79' lang='lat'><strong>429,</strong></span> <span class='ocrx_word' id='word_1_238' title='bbox 2540 3615 2689 3691; x_wconf 84' lang='lat'>431)</span> <span class='ocrx_word' id='word_1_239' title='bbox 2742 3614 2943 3675; x_wconf 88' lang='lat' dir='ltr'><strong>audit:</strong></span> 
     </span>
     <span class='ocr_line' id='line_1_33' title="bbox 599 3698 2942 3779; baseline 0.001 -22"><span class='ocrx_word' id='word_1_240' title='bbox 599 3698 920 3772; x_wconf 85' lang='lat' dir='ltr'><strong>„Flavium</strong></span> <span class='ocrx_word' id='word_1_241' title='bbox 966 3701 1456 3760; x_wconf 85' lang='lat' dir='ltr'><strong>Interamnium.“</strong></span> <span class='ocrx_word' id='word_1_242' title='bbox 1520 3699 1807 3759; x_wconf 88' lang='lat' dir='ltr'><strong>Flavium</strong></span> <span class='ocrx_word' id='word_1_243' title='bbox 1839 3718 2173 3777; x_wconf 88' lang='lat' dir='ltr'><strong>cognomen</strong></span> <span class='ocrx_word' id='word_1_244' title='bbox 2217 3699 2415 3778; x_wconf 88' lang='lat' dir='ltr'><strong>igitur,</strong></span> <span class='ocrx_word' id='word_1_245' title='bbox 2461 3699 2624 3778; x_wconf 91' lang='lat' dir='ltr'><strong>quod</strong></span> <span class='ocrx_word' id='word_1_246' title='bbox 2655 3699 2942 3779; x_wconf 90' lang='lat' dir='ltr'><strong>oppidum</strong></span> 
     </span>
     <span class='ocr_line' id='line_1_34' title="bbox 604 3784 2942 3865; baseline 0.001 -23"><span class='ocrx_word' id='word_1_247' title='bbox 604 3785 663 3842; x_wconf 91' lang='lat' dir='ltr'><strong>in</strong></span> <span class='ocrx_word' id='word_1_248' title='bbox 710 3785 995 3844; x_wconf 90' lang='lat' dir='ltr'><strong>honorem</strong></span> <span class='ocrx_word' id='word_1_249' title='bbox 1040 3785 1411 3865; x_wconf 88' lang='lat' dir='ltr'><strong>Vespasiani</strong></span> <span class='ocrx_word' id='word_1_250' title='bbox 1443 3787 1785 3865; x_wconf 86' lang='lat' dir='ltr'><strong>assumpsit,</strong></span> <span class='ocrx_word' id='word_1_251' title='bbox 1816 3786 1986 3844; x_wconf 89' lang='lat' dir='ltr'><strong>tertio</strong></span> <span class='ocrx_word' id='word_1_252' title='bbox 2017 3784 2258 3844; x_wconf 89' lang='lat' dir='ltr'><strong>saeculo</strong></span> <span class='ocrx_word' id='word_1_253' title='bbox 2289 3785 2466 3844; x_wconf 91' lang='lat' dir='ltr'><strong>etiam</strong></span> <span class='ocrx_word' id='word_1_254' title='bbox 2510 3784 2942 3865; x_wconf 90' lang='lat' dir='ltr'><strong>usurpabatur;</strong></span> 
     </span>
     <span class='ocr_line' id='line_1_35' title="bbox 605 3869 2944 3951; baseline 0 -22"><span class='ocrx_word' id='word_1_255' title='bbox 605 3890 721 3948; x_wconf 93' lang='lat' dir='ltr'><strong>quo</strong></span> <span class='ocrx_word' id='word_1_256' title='bbox 789 3880 1052 3950; x_wconf 87' lang='lat' dir='ltr'><strong>tempore</strong></span> <span class='ocrx_word' id='word_1_257' title='bbox 1105 3870 1259 3931; x_wconf 93' lang='lat' dir='ltr'><strong>illud</strong></span> <span class='ocrx_word' id='word_1_258' title='bbox 1319 3889 1654 3948; x_wconf 70' lang='lat' dir='ltr'><strong>cognomen</strong></span> <span class='ocrx_word' id='word_1_259' title='bbox 1716 3869 2082 3930; x_wconf 88' lang='lat' dir='ltr'><strong>interciderit</strong></span> <span class='ocrx_word' id='word_1_260' title='bbox 2137 3870 2383 3948; x_wconf 78' lang='lat' dir='ltr'><strong>ignom,</strong></span> <span class='ocrx_word' id='word_1_261' title='bbox 2454 3890 2590 3930; x_wconf 87' lang='lat' dir='ltr'><strong>cum</strong></span> <span class='ocrx_word' id='word_1_262' title='bbox 2657 3871 2944 3951; x_wconf 92' lang='lat' dir='ltr'><strong>oppidum</strong></span> 
     </span>
    </p>
   </div>
   <div class='ocr_carea' id='block_1_13' title="bbox 605 3966 2409 4196">
    <p class='ocr_par' dir='ltr' id='par_1_13' title="bbox 605 3966 2409 4196">
     <span class='ocr_line' id='line_1_36' title="bbox 605 3966 1181 4036; baseline 0.002 -20"><span class='ocrx_word' id='word_1_263' title='bbox 605 3976 847 4036; x_wconf 89' lang='lat' dir='ltr'><strong>perraro</strong></span> <span class='ocrx_word' id='word_1_264' title='bbox 893 3966 1181 4018; x_wconf 88' lang='lat' dir='ltr'><strong>occurrat.</strong></span> 
     </span>
     <span class='ocr_line' id='line_1_37' title="bbox 1147 4108 2409 4196; baseline 0.002 -24"><span class='ocrx_word' id='word_1_265' title='bbox 1147 4111 1290 4175; x_wconf 84' lang='lat'><strong>132.</strong></span> <span class='ocrx_word' id='word_1_266' title='bbox 1361 4109 1800 4173; x_wconf 87' lang='lat' dir='ltr'><strong>Flavium</strong></span> <span class='ocrx_word' id='word_1_267' title='bbox 1872 4108 2409 4196; x_wconf 87' lang='lat' dir='ltr'><strong>Bergidum.</strong></span> 
     </span>
    </p>
   </div>
   <div class='ocr_carea' id='block_1_14' title="bbox 608 4233 2949 4400">
    <p class='ocr_par' dir='ltr' id='par_1_14' title="bbox 608 4233 2949 4400">
     <span class='ocr_line' id='line_1_38' title="bbox 735 4233 2945 4315; baseline -0.001 -19"><span class='ocrx_word' id='word_1_268' title='bbox 735 4235 1085 4314; x_wconf 84' lang='lat' dir='ltr'><strong>Bergidum,</strong></span> <span class='ocrx_word' id='word_1_269' title='bbox 1148 4236 1308 4315; x_wconf 90' lang='lat' dir='ltr'><strong>quod</strong></span> <span class='ocrx_word' id='word_1_270' title='bbox 1362 4236 1441 4296; x_wconf 92' lang='lat' dir='ltr'><strong>ab</strong></span> <span class='ocrx_word' id='word_1_271' title='bbox 1494 4236 1869 4296; x_wconf 85' lang='lat' dir='ltr'><strong>Interamnia</strong></span> <span class='ocrx_word' id='word_1_272' title='bbox 1911 4236 1972 4293; x_wconf 93' lang='lat' dir='ltr'><strong>in</strong></span> <span class='ocrx_word' id='word_1_273' title='bbox 2017 4233 2380 4295; x_wconf 88' lang='lat' dir='ltr'><strong>occidentem</strong></span> <span class='ocrx_word' id='word_1_274' title='bbox 2428 4234 2737 4313; x_wconf 85' lang='lat' dir='ltr'><strong>vergebat,</strong></span> <span class='ocrx_word' id='word_1_275' title='bbox 2783 4234 2945 4314; x_wconf 90' lang='lat' dir='ltr'><strong>apud</strong></span> 
     </span>
     <span class='ocr_line' id='line_1_39' title="bbox 608 4319 2949 4400; baseline 0 -21"><span class='ocrx_word' id='word_1_276' title='bbox 608 4320 1014 4384; x_wconf 90' lang='lat' dir='ltr'><strong>Ptolemaeum</strong></span> <span class='ocrx_word' id='word_1_277' title='bbox 1059 4322 1149 4400; x_wconf 84' lang='lat'><strong>(11</strong></span> <span class='ocrx_word' id='word_1_278' title='bbox 1195 4324 1388 4399; x_wconf 80' lang='lat'>6‚29):</span> <span class='ocrx_word' id='word_1_279' title='bbox 1432 4321 1754 4395; x_wconf 83' lang='lat' dir='ltr'><strong>„Flavium</strong></span> <span class='ocrx_word' id='word_1_280' title='bbox 1788 4320 2167 4399; x_wconf 90' lang='lat' dir='ltr'><strong>Bergidum“.</strong></span> <span class='ocrx_word' id='word_1_281' title='bbox 2212 4320 2276 4378; x_wconf 90' lang='lat' dir='ltr'><strong>in</strong></span> <span class='ocrx_word' id='word_1_282' title='bbox 2318 4319 2623 4380; x_wconf 76' lang='lat' dir='ltr'><strong>itinerario</strong></span> <span class='ocrx_word' id='word_1_283' title='bbox 2653 4319 2949 4379; x_wconf 82' lang='lat' dir='ltr'><strong>Antonini</strong></span> 
     </span>
    </p>
   </div>
  </div>
 </body>
</html>
