3414 5193
1546 456 1976 514 —33—

587 673 1031 788 '15.Ju1ia
1102 704 1743 770 Transdueta
1808 706 2095 788 (Joza)
2153 731 2232 761 =
2290 705 2933 793 Tingentera.

714 847 900 927 Apud
954 846 1316 908 Strabonem
1362 847 1485 916 (III
1526 868 1581 923 p.
1634 849 1777 926 140)
1823 846 1971 907 haec
2013 846 2320 924 leguntur:
2350 820 2503 923 {fur
2540 855 2598 906 δὲ
2644 856 2734 906 καὶ
2776 836 2940 919 Ζῆλιο

584 946 673 1003 ”ic
705 943 924 1012 leyaoc
972 941 1306 1012 (ἷοτυγείων,
1343 940 1478 992 (Unici
1525 940 1830 1011 μετῴκισαν
1873 937 2072 1004 ταύτην
2121 945 2197 992 εἷο
2245 939 2336 1004 τήν
2379 945 2612 1009 περαίαν
2654 938 2939 1010 Ῥωμαῖοι,

585 1017 674 1069 καὶ
731 1016 788 1070 ἐκ
844 1024 934 1082 τῆο
1000 1021 1216 1084 Τίγγιοο
1275 1017 1663 1088 προολαβὸντεο
1720 1016 1901 1079 nmio,
1955 1019 2216 1084 ἔπεμψαν
2279 1017 2337 1069 δὲ
2395 1018 2484 1069 καὶ
2545 1020 2674 1089 παρ’
2733 1018 2940 1071 ἑαυτῶν

587 1092 831 1146 ἓηοίκονο
865 1095 955 1146 καὶ
985 1094 1276 1162 (ὄνόμαοαν
1301 1094 1541 1146 Ἰουλίαν
1560 1095 1749 1155 Ἰοζαν
1770 1095 1866 1159 τὴν
1900 1094 2106 1146 addest.
2143 1086 2315 1150 Julia
2358 1087 2513 1148 Joza
2551 1108 2670 1149 non
2703 1088 2940 1148 diversa

588 1180 676 1231 est
718 1191 755 1231 a
798 1171 1181 1233 Transducta
1211 1171 1400 1244 Julia,
1434 1171 1594 1249 quod
1626 1172 1911 1251 oppidum
1944 1172 2006 1230 in
2040 1172 2304 1232 nummis
2346 1171 2599 1251 (Eckhel
2631 1174 2679 1236 Ι.
2712 1195 2768 1254 p.
2802 1162 2937 1248 305:

588 1256 799 1329 „Julia
881 1257 1222 1318 Traducta“
1301 1269 1358 1317 et
1433 1257 1595 1337 apud
1679 1257 2092 1318 Ptolemaeum
2166 1259 2262 1332 (11
2320 1261 2476 1332 ’4,6),
2556 1259 2939 1320 Marcianum

591 1341 1040 1416 Heracleotain‚
1087 1343 1501 1404 Ravennatem
1552 1342 1675 1411 (IV
1709 1345 1840 1417 45):
1886 1343 2336 1416 ‚‚Transducta“
2381 1353 2644 1404 vocatur.
2702 1345 2939 1418 „Joza“‚

589 1427 981 1488 Phoenicium
1031 1428 1412 1500 vocabulum,
1458 1428 1615 1489 idem
1649 1428 1951 1507 signifieat
1978 1439 2157 1508 alque
2186 1429 2713 1502 ‚,Transducta“1·.
2759 1430 2940 1506 Quod

591 1512 909 1594 oppidum,
970 1515 1125 1575 inter
1180 1513 1480 1574 Carteiam
1539 1524 1598 1575 et
1643 1514 1851 1575 Gades
1907 1516 2114 1588 situm,
2147 1514 2340 1595 'apud
2396 1513 2622 1574 Melam
2671 1516 2761 1585 (II
2808 1518 2942 1593 6‚9),

592 1599 694 1676 qui
756 1599 837 1659 ibi
900 1609 1078 1660 natus
1145 1610 1296 1673 erat,
1365 1599 1803 1678 „Tingentera“
1882 1599 2065 1660 audit.
2175 1599 2415 1662 Plinius
2483 1599 2570 1669 (V
2620 1603 2679 1678 2)
2748 1601 2941 1679 igitur,

591 1684 1016 1762 Tingenteram
1063 1696 1121 1746 et
1164 1686 1404 1764 Tingim
1452 1685 1855 1759 confundenS,
1902 1696 2075 1764 errat,
2132 1707 2265 1746 cum
2311 1685 2552 1763 Tingim
2601 1708 2639 1745 a
2683 1686 2941 1747 Claudio

593 1768 850 1830 Caesare
895 1771 1261 1851 appellatam
1320 1791 1448 1831 esse
1494 1770 1898 1843 „Traductam
1954 1771 2222 1833 Juliam“
2280 1771 2473 1832 refert.
2562 1771 2943 1832 Transducta

593 1855 767 1928 ‚Julia
820 1876 1064 1929 nomen,
1125 1858 1264 1917 item
1329 1866 1506 1934 atque
1560 1856 1791 1921 similia<
1836 1858 2108 1916 nomina:
2197 1855 2590 1928 „Contributa
2633 1858 2842 1919 Julia“
2886 1867 2945 1918 et

514 2021 520 2028 ,
590 1941 928 2013 „Restituta
987 1942 1193 2004 ‚Julia“
1255 1963 1292 2002 a
1350 1941 1607 2003 Caesare
1669 1963 1833 2002 anno
1891 1945 1971 2001 45
2029 1942 2264 2023 oppido,
2329 1963 2367 2002 a
2420 1963 2482 2002 se
2527 1943 2793 2016 condito,
2850 1945 2945 2003 vel

596 2038 770 2087 aucto
818 2028 1157 2107 impositum
1215 2038 1317 2088 est.
1407 2027 1859 2099 „Transducta‘f
1905 2047 2122 2088 nomen
2169 2030 2345 2089 etiam
2392 2029 2645 2108 septimo
2707 2028 2945 2089 saeculo

596 2112 881 2257 usgtatum
931 2124 1074 2186 erat,
1119 2134 1255 2174 cum
1299 2113 1542 2186 ‚,·Julia“
1587 2113 1773 2193 paulo
1819 2123 1954 2194 post
1984 2115 2245 2193 Augusti
2278 2124 2529 2174 aetatem
2573 2114 2945 2174 intercidisse

595 2198 651 2258 vi
698 2207 881 2258 eatur.

603 2352 701 2417 lo.
779 2350 1063 2416 Gades
1114 2379 1189 2408 τ·-
1242 2352 1933 2440 Augustanorum
1982 2352 2171 2416 urbs
2230 2351 2451 2436 Julia
2500 2351 2942 2416 Gaditana.

726 2491 928 2554 Gades
976 2494 1256 2574 oppidum
1306 2515 1343 2554 a
1387 2494 1609 2554 Poenis
1652 2493 1716 2553 in
1763 2493 1916 2554 freto
1946 2490 2260 2555 Gaditano
2292 2493 2597 2555 conditum
2644 2504 2747 2554 est.
2810 2494 2946 2569 Quo

597 2577 672 2639 de
717 2578 1242 2660 oppido'legimu's
1289 2580 1453 2660 apud
1496 2578 1767 2641 Plinium
1814 2579 1933 2653 (IV
1986 2583 2161 2658 119):
2235 2579 2520 2654 „(Gades)
2565 2579 2749 2641 habet
2785 2578 2950 2660 oppi-

595 2664 735 2732 dum
801 2664 1020 2725 civium
1082 2666 1526 2740 Romanorum,
1572 2666 1674 2745 qui
1730 2663 2115 2746 appellantur
2176 2666 2522 2745 Augustani
2577 2666 2723 2727 urbe
2774 2666 2949 2742 Julia

596 2749 947 2811 Gaditana“
1008 2768 1185 2829 atque
1229 2752 1390 2832 apud
1437 2751 1696 2812 Dionem
1747 2754 1978 2831 (41‚‘24)
2023 2752 2100 2812 ad
2147 2772 2373 2811 annum
2422 2754 2535 2813 49:
2615 2759 2852 2826 ,ἐτίμησε
2890 2757 2948 2810 δὲ

596 2845 685 2896 καὶ
737 2846 852 2914 ἰδίᾳ
903 2847 992 2897 καὶ
1043 2853 1197 2919 κοινῇ
1239 2847 1479 2908 πολλούς,
1533 2847 1621 2897 καὶ
1678 2851 1788 2898 τοῖο
1839 2865 1900 2911 γε
1954 2847 2260 2916 Γαδειρεῦοι
2317 2849 2589 2899 uolantem
2641 2844 2844 2916 εἴπασαν
2901 2845 2948 2896 ἔ-

600 2931 822 2995 δωκεν“,
859 2924 1076 2985 deinde
1120 2925 1282 3005 apud
1325 2926 1571 2986 Livium
1619 2928 1787 3006 (epit.
1834 2921 2003 3000 CX):
2080 2925 2442 2999 „Gaditanis
2490 2924 2765 3004 (Caesar)
2810 2923 2950 2985 civi-

495 3049 499 3054 ·
598 3018 781 3069 tatem
847 3009 1060 3070 dedit.“
1147 3013 1336 3073 Anno
1381 3015 1463 3073 49
1528 3013 1710 3090 igitur
1767 3011 1973 3073 Julius
2029 3011 2253 3072 Caesar
2305 3010 2586 3071 Gadibus
2647 3011 2948 3071 civitatem

601 3104 780 3173 atque
823 3094 1100 3168 „Juliae“
1144 3090 1705 3175 cognomen-dedit.
1787 3095 1939 3159 Cum
1984 3098 2046 3155 in
2089 3096 2278 3168 titulo,
2333 3096 2612 3157 Medinae
2663 3095 2951 3157 Sidoniae

599 3190 832 3260 reperto
908 3181 1000 3258 (C.
1049 3182 1096 3241 Ι.
1141 3183 1213 3242 L.
1274 3181 1344 3241 11
1398 3184 1606 3261 1313),
1682 3182 2073 3262 municipium
2152 3185 2495 3260 Augustum
2569 3181 2950 3243 Gaditanum

602 3276 894 3339 occurrat,
938 3267 1321 3328 Kubitschek
1334 3270 1384 3345 2)
1433 3288 1553 3328 non
1599 3268 1642 3330 J
1645 3266 1834 3350 ulium
1867 3267 2181 3328 Caesarem
2213 3267 2315 3328 sed
2351 3267 2695 3345 Augustum
2727 3265 2946 3347 oppido

602 3350 903 3412 civitatem
953 3352 1206 3413 donasse
1248 3353 1472 3413 iniuria
1516 3351 1752 3414 statuitq
1793 3353 2106 3414 Caesarem
2129 3352 2301 3434 *enim
2332 3352 2613 3413 Gadibus
2634 3352 2947 3435 *civitatem

603 3436 862 3497 donasse
920 3447 1156 3518 praeter
1214 3439 1435 3499 Dionis
1495 3449 1554 3499 et
1613 3439 1776 3499 L²vii
1839 3438 2024 3499 verba
2078 3440 2254 3499 etiam
2317 3438 2460 3498 ordo
2507 3437 2951 3517 cognominum,

603 3539 780 3601 quem
826 3523 1065 3583 Plinius
1110 3524 1365 3598 exhibet,
1398 3524 1687 3585 :indicata
1747 3521 2061 3604 Augustus
2090 3523 2593 3605 fortasseoppido
2625 3522 2953 3604 peculiaria

605 3607 921 3688 privilegia
983 3608 1230 3670 donavit
1293 3616 1472 3689 atque
1537 3632 1612 3671 ex
1674 3631 1737 3671 se
1802 3610 2005 3672 Gades
2069 3610 2500 3690 „municipium
2568 3610 2953 3687 Augustum“

604 3694 957 3768 nominavit,
1006 3704 1073 3755 ut
1116 3695 1332 3756 docent
1375 3696 1533 3756 tituli
1581 3695 1654 3774 (C
1705 3697 1749 3757 Ι.
1781 3697 1851 3756 L.
1898 3699 1960 3756 ΙΙ
2012 3697 2200 3768 1313,
2253 3696 2430 3768 1729,
2477 3696 2720 3767 4277?).
2810 3693 2953 3769 Qua

605 3778 678 3839 de
724 3800 910 3840 causa
953 3781 1127 3842 Julia
1173 3801 1504 3860 cognomen
1554 3802 1674 3841 non
1722 3781 1839 3841 nisi
1885 3782 2147 3860 Augusti
2193 3787 2782 3861 aetate'usurpatum
2829 3798 2954 3839 esse

604 3864 856 3938 videtur,
902 3887 1036 3926 cum
1085 3868 1438 3946 „Augusta“
1484 3887 1698 3947 nomen
1749 3866 2119 3952 sollemniter
2160 3865 2383 3925 diutius
2428 3865 2825 3927 adhiberetur.

742 4138 782 4235 ζ)
820 4137 1031 4221 Eckhel
1068 4138 1112 4190 Ι.
1152 4155 1203 4207 p.
1243 4138 1326 4203 29,
1349 4137 1444 4220 ,30.

765 4209 782 4272 )
822 4206 889 4260 de
926 4207 1052 4260 trib.
1092 4208 1242 4261 Rom.
1281 4223 1415 4275 orig.
1457 4222 1506 4274 p.
1553 4207 1660 4259 140.
