3414 5193
579 786 718 850 123.
771 785 1380 868 Thamugadi
1435 813 1504 839 ε
1559 788 1733 851 col.
1787 781 2082 867 Ulpia
2135 780 2648 845 Marciana

1389 873 1836 938 Traiana.

563 1000 940 1079 Thamugadi
996 1000 1303 1080 oppidum,
1371 1000 1530 1078 quod
1586 1019 1622 1059 a
1667 1000 1834 1060 Cirta
1879 1002 1942 1061 in
2004 1002 2308 1062 meridiem
2356 1000 2656 1079 vergebat,
2724 1000 2789 1058 in

435 1086 738 1146 itinerario
802 1086 1102 1146 Antonini
1172 1087 1233 1165 (p
1297 1088 1395 1157 34,
1451 1088 1547 1159 35,
1610 1081 1717 1162 40)
1787 1096 1845 1146 et
1910 1089 1974 1148 in
2042 1087 2255 1147 tabula
2319 1086 2792 1165 Peutingeriana

437 1181 947 1232 commemoratur.
1038 1173 1219 1231 Anno
1271 1173 1389 1230 100
1422 1170 1738 1231 Munatius
1772 1172 2007 1246 GalluS,
2053 1173 2301 1233 Traiani
2341 1171 2589 1251 legatuS,
2636 1170 2790 1231 colo-

436 1258 601 1317 niam
648 1277 716 1317 eo
761 1257 1012 1317 deduxit
1057 1256 1151 1328 (C.
1197 1257 1240 1315 Ι.
1274 1257 1345 1317 L.
1380 1257 1546 1317 VIII
1592 1259 1782 1337 3255)
1827 1259 2088 1337 indeque
2133 1258 2418 1338 oppidum
2463 1257 2526 1315 in
2572 1255 2787 1316 titulis:

442 1343 590 1417 „col.
656 1342 970 1403 Marciana
1030 1342 1333 1403 Traiana“
1405 1352 1531 1402 aut:
1604 1343 1751 1415 ‚,col.
1814 1344 2040 1425 Ulpia“
2111 1344 2280 1404 audit
2343 1343 2430 1420 (O.
2477 1343 2526 1403 Ι.
2570 1343 2640 1401 L.
2690 1341 2787 1401 VI

440 1430 618 1500 1803,
679 1428 842 1488 VIII
890 1432 1070 1502 2355,
1123 1430 1367 1504 17843).
1473 1428 1618 1488 Tria
1680 1432 2045 1507 cognomina
2105 1431 2301 1509 igitur,
2371 1450 2406 1488 a
2462 1448 2525 1488 se
2581 1429 2788 1507 petita,

437 1514 737 1573 Traianus
767 1513 1039 1573 coloniae
1065 1515 1366 1589 imposuit,
1397 1514 1555 1592 quod
1588 1535 1724 1574 raro
1743 1517 1968 1576 iactum
1995 1525 2097 1576 est.
2165 1515 2496 1593 Pleraeque
2517 1513 2790 1573 coloniae

437 1598 684 1659 Traiani
750 1609 994 1659 vocatae
1050 1609 1225 1673 sunt:
1298 1599 1559 1679 „Ulpiae
1612 1600 1952 1661 Traiana&
2018 1601 2112 1662 vel
2173 1600 2382 1660 modo:
2456 1599 2792 1678 „Ulpiae“;

443 1684 831 1761 „Marciana“
882 1705 1211 1763 cognomen
1257 1686 1505 1746 omnino
1554 1706 1793 1765 perraro
1840 1688 2093 1747 occurrit
2123 1697 2299 1765 atque
2329 1693 2635 1765 praeterea
2664 1705 2788 1743 non

440 1770 556 1829 nisi
604 1770 871 1830 Edessae
916 1771 1188 1830 coloniae
1234 1792 1271 1830 a
1324 1770 1397 1832 M.
1433 1771 1683 1831 AureIIO
1732 1773 2078 1852 impositum
2124 1782 2226 1832 est.
2316 1769 2695 1849 Thamugadi
2725 1770 2790 1828 in

438 1856 639 1915 multis
700 1855 889 1915 titulis
958 1856 1049 1933 (C.
1102 1856 1149 1917 I.
1195 1857 1267 1918 L.
1323 1856 1492 1917 VIII
1552 1858 1776 1929 17841,
1829 1860 2050 1930 17844,
2103 1858 2323 1929 17845,
2373 1855 2542 1928 alibi)
2612 1855 2792 1915 modo

437 1941 749 2020 ,‚colonia“
797 1941 1027 2012 dicitur,
1074 1943 1159 2001 ita
1203 1953 1271 2001 ut
1314 1944 1678 2020 cognomina
1725 1944 2085 2022 „Marciana
2114 1942 2304 2021 Ulpia
2332 1941 2636 2001 Traiana“
2669 1960 2790 2000 uon

440 2026 764 2086 admodum
811 2028 1031 2087 usitata
1074 2027 1260 2087 fuisse
1304 2028 1639 2088 videantur.

1293 2258 1361 2315 B.
1403 2258 1635 2316 Cetera
1673 2260 1929 2331 oppida,

520 2344 683 2399 quae
722 2344 802 2386 ex
840 2331 1119 2386 Traiano
1161 2330 1469 2400 (Plotina)
1508 2345 1736 2388 nomen
1776 2333 1874 2388 vel
1915 2345 2272 2403 cognomen
2314 2332 2720 2401 acceperunt.

1465 2500 1768 2571 stalla.

1301 2645 1439 2705 151.
1491 2641 1948 2707 Traiana.

566 2767 752 2847 Apud
805 2767 1216 2826 Ptolemaeum
1278 2768 1399 2842 (III
1459 2771 1617 2840 1,522
1692 2770 1756 2827 in
1813 2768 2035 2829 Piceno
2094 2769 2438 2847 „Traiana“
2507 2768 2793 2848 oppidum

439 2860 945 2924 commemoratur,
1005 2852 1164 2930 quod
1222 2873 1258 2911 a
1305 2852 1509 2913 Firmo
1569 2855 1630 2912 in
1693 2854 2171 2933 septemtrionem
2229 2854 2512 2932 vergebat
2558 2863 2616 2913 et
2673 2853 2796 2912 for·-

436 2948 594 2999 tasse
657 2939 718 2997 in
784 2958 885 2998 ora
945 2939 1247 2997 maritima
1302 2939 1482 2997 situm
1540 2950 1681 3000 erat.
1772 2938 2102 3019 Oppidum,
2171 2939 2328 3018 quod
2390 2960 2465 2999 ex
2528 2938 2791 2998 Traiano

440 3026 812 3085 nominatum
882 3032 996 3090 est,
1078 3024 1224 3082 satis
1293 3024 1577 3103 exiguum
1645 3025 1832 3084 fuisse
1901 3025 2166 3098 videtur,
2243 3045 2378 3084 cum
2446 3025 2796 3084 Ptolemaeo

438 3118 683 3190 excepto
728 3129 1027 3187 nusquam
1076 3118 1364 3168 occurrat.

1059 3289 1199 3354 152.
1250 3289 1745 3353 Traianus
1794 3289 2167 3354 Portus.

566 3416 735 3476 Inter
778 3415 1165 3476 Telamonem
1215 3423 1274 3474 et
1318 3414 1724 3494 Populoniam
1770 3415 1994 3495 oppida
2039 3436 2076 3475 a
2119 3415 2465 3475 Ptolemaeo
2513 3415 2637 3479 <III
2672 3417 2794 3495 1,4)

441 3500 778 3580 „Traianus
826 3501 1082 3560 Portus“
1141 3510 1650 3572 commemoratur,
1717 3501 1818 3578 qui
1865 3520 1989 3560 non
2035 3521 2169 3561 cum
2217 3500 2662 3579 Centumcellis,
2727 3512 2799 3561 ut

440 3586 719 3646 nonnulli
782 3587 895 3646 viri
956 3586 1112 3646 docti
1159 3594 1423 3658 censent,
1491 3586 1938 3665 componendus
1997 3596 2120 3665 est,
2186 3586 2290 3646 sed
2337 3596 2545 3646 contra
2591 3584 2791 3648 Ilvam

439 3673 698 3732 insulam
746 3674 892 3732 situs
937 3681 1076 3732 erat.

1364 3787 1853 3859 San-dinia-

1117 3930 1257 3993 153.
1309 3929 1651 3994 Forum
1700 3919 2138 3994 Traiani.

572 4056 834 4135 „Forum
865 4054 1178 4134 Traiani“,
1226 4054 1383 4133 qu‘od
1417 4055 1492 4115 ab
1524 4054 1697 4116 Useli
1726 4055 1787 4113 in
1821 4056 2301 4134 septemtrionem
2334 4054 2632 4133 vergebat,
2665 4075 2790 4115 non

439 4141 554 4201 nisi
619 4143 681 4200 in
747 4141 1049 4202 itinerario
1112 4140 1407 4200 Antonini
1470 4141 1548 4221 (p.
1595 4142 1697 4214 82)
1760 4142 2029 4201 occurrit.
2127 4140 2438 4221 Oppidum
2501 4139 2660 4219 quod
2725 4142 2789 4198 in

439 4227 685 4287 Traiani
731 4228 1017 4288 honorem
1052 4227 1137 4286 ita
1165 4227 1543 4285 nominatum
1580 4236 1682 4299 est,
1731 4227 1910 4285 etiam
1940 4227 2110 4286 tertio
2141 4226 2381 4286 saeculo
2412 4227 2516 4285 illo
2549 4227 2798 4286 nomine

440 4322 937 4374 commemoratur

2376 4426 2437 4478 8*
