3414 5193
1396 478 1817 536 ...99—

427 648 650 728 oppida
693 646 880 707 fuisse
923 646 1229 719 videntur,
1287 657 1354 706 ut
1405 667 1478 707 ex
1527 646 1835 707 Ammiani
1898 657 1956 707 et
2000 668 2383 708 nummorum
2439 648 2774 708 testimonie

427 742 706 814 apparet;
764 745 1083 810 utrumque
1127 732 1420 813 oppidum·
1460 733 1652 806 enim,
1707 733 1772 791 in
1830 733 2068 792 Isauria
2124 754 2309 814 prope
2353 733 2775 814 Calycadnum

426 820 627 897 situm,
673 818 1158 898 „Claudiopolis“
1207 818 1492 878 audiebat
1535 827 1712 896 atque
1756 819 1817 877 in
1865 829 2181 897 utrumque
2235 820 2473 880 colonia
2518 819 2777 879 deducta

425 913 527 966 est.
613 904 835 964 Ninica
893 904 1075 983 igitur
1111 902 1386 964 ¹fortasse
1432 923 1589 963 anno
1653 906 1731 962 41
1764 903 2291 983 ·„Claudi0polis“‘
2329 905 2647 964 nominata
2689 911 2779 964 est

424 990 681 1068 indeque
724 988 1018 1069 paulatim
1063 998 1233 1050 vetus
1277 1009 1498 1049 nemen
1544 989 1874 1062 intercidit,
1921 1010 2037 1068 quo
2082 990 2467 1050 Ptolemaeus
2519 989 2605 1067 (V
2653 991 2774 1067 8‚6)

426 1077 606 1135 etiam
651 1077 855 1136 utitur.

1385 1190 1850 1262 Numidia.

951 1336 1093 1398 122.
1167 1333 1578 1399 Claudis
1638 1332 2262 1418 (Claudium)?

557 1460 632 1517 In
678 1459 984 1518 itinerario
1032 1460 1329 1518 Antonini
1374 1451 1450 1537 (p.
1485 1461 1589 1536 33)
1636 1460 1793 1519 inter
1836 1457 2173 1518 Masculam
2221 1467 2278 1517 et
2320 1457 2771 1536 Thamugadem

432 1544 656 1625 oppida
725 1545 977 1604 occurrit
1035 1543 1340 1617 „Claudi“,
1395 1565 1549 1623 quae
1588 1544 1802 1604 -forma
1858 1544 2113 1604 fortasse
2173 1544 2236 1602 in
2290 1543 2608 1616 „Claudis“
2666 1563 2772 1602 seu

427 1628 823 1703 „Claudium“
867 1630 1205 1710 supplenda
1248 1640 1352 1690 est.
1442 1630 1748 1710 Oppidum
1805 1630 1878 1690 de
1922 1649 2040 1707 quo
2096 1629 2241 1689 alibi
2289 1591 2442 1688 riihil
2504 1628 2770 1701 refertur,

429 1715 552 1775 sine
615 1714 797 1775 dubio
862 1736 898 1775 a
941 1714 1194 1776 Claudio
1257 1716 1610 1796 imperatore
1676 1715 1982 1816 conditum
2044 1724 2131 1775 est
2191 1725 2248 1775 et
2313 1715 2483 1775 tertio
2529 1714 2770 1774 saeculo

431 1802 612 1861 etiam
660 1802 744 1860 ita
791 1800 1095 1861 audiebat

1096 2046 1490 2124 Nemo
1554 2046 2105 2123 54—53.

566 2182 643 2247 A.
712 2181 1063 2264 Coloniae,
1110 2200 1286 2265 quae
1334 2199 1428 2248 ex
1473 2183 1748 2248 Nerone
1787 2181 2175 2334 gollemnia
2220 2183 2648 2263 cognomina

1395 2285 1786 2351 acceperim
2432 2317 2433 2320 ,

453 2491 502 2552 C
557 2405 814 2552 Pufieoljx
838 2407 1085 2480 colonia,
1118 2428 1154 2467 a
1183 2407 1425 2468 Nerone
1470 2415 1705 2481 aucta„
1713 2407 2133 2486 ,Neronensis“
2172 2427 2504 2486 cognomen
2537 2406 2765 2485 accepit

426 2495 446 2570 (
507 2512 582 2573 ap
863 2496 986 2572 66)

557 2612 898 2686 PtolemaiS,
930 2614 1167 2674 colonia
1196 2613 1475 2683 Claudia,
1521 2633 1676 2692 quae
1706 2633 1744 2672 a
1768 2612 2004 2674 Nerone
2034 2624 2213 2674 aucta
2252 2623 2355 2686 est,
2390 2611 2768 2685 „Neroniae“

431 2717 760 2787 cognomen
808 2699 1052 2780 accepit.
1141 2700 1307 2779 (Cap.
1354 2699 1454 2758 III
1500 2701 1559 2758 A
1615 2701 1780 2778 103).

624 2908 701 2973 Β.
771 2906 1020 2973 Cetera
1064 2905 1339 2988 oppida,
1383 2922 1560 2987 quae
1611 2923 1703 2970 ex
1748 2902 2020 2970 Nerone
2066 2905 2437 2970 nominata
2481 2905 2593 2970 vel

1239 2990 1731 3072 cognominata
1776 2992 1959 3057 sunt.

1458 3162 1764 3232 uana.
1824 3142 1832 3147 “

1283 3304 1424 3367 123.
1477 3302 1930 3367 Neronia.

555 3430 826 3490 Neronia
870 3429 1183 3509 oppidum,
1240 3429 1400 3508 quod
1444 3438 1676 3489 tantum
1736 3429 1799 3487 in
1848 3428 2057 3489 tabula
2100 3429 2571 3506 Peutingeriana
2618 3428 2762 3507 (IV)

434 3516 710 3594 occurrit,
772 3515 902 3576 sine
960 3515 1167 3586 dubio,
1226 3513 1381 3574 inter
1440 3515 1805 3575 Ravennam
1852 3523 1910 3574 et
1955 3514 2258 3574 Hadriam
2305 3514 2529 3593 oppida
2571 3515 2769 3587 situm,

432 3622 554 3663 non
600 3601 786 3661 multo
832 3622 870 3661 a
912 3601 1155 3662 Volane
1200 3599 1451 3659 flumine
1496 3598 1722 3662 aberat.
1811 3599 2051 3660 Nomen
2081 3600 2367 3672 Neronia,
2413 3599 2575 3678 quod
2605 3609 2760 3659 certe

434 3687 512 3747 ad
555 3686 859 3748 Neronem
904 3687 1319 3765 imperatorem
1351 3684 1617 3764 pertinet,
1662 3685 1834 3745 tertio
1866 3685 2106 3745 saeculo
2138 3687 2317 3745 etiam
2355 3685 2775 3765 usurpabatur.

1067 3869 1363 3942 Gallia
1420 3870 2121 3941 Har-bonensis.

604 4014 744 4079 124.
818 4012 1148 4076 Forum
1199 4010 1630 4075 Neronis
1680 4041 1754 4068 =
1812 3991 2634 4097 Carpento'racte.

560 4139 741 4219 Apud
785 4137 1196 4199 Ptolemaeum
1246 4139 1334 4215 (II
1384 4138 1594 4216 10,16)
1641 4136 2045 4196 Meminorum
2090 4145 2284 4216 caput,
2331 4136 2490 4215 quod
2534 4137 2772 4197 Plinius

431 4224 963 4304 „Carpentoracte“
1005 4224 1284 4283 nominat
1327 4222 1449 4299 (ΠΙ
1482 4224 1617 4298 36):
1663 4222 1926 4294 „Forum
1956 4222 2257 4282 Neronis“
2302 4232 2565 4303 vocatur,
2612 4222 2774 4301 quod

432 4329 653 4370 nomen
697 4330 823 4369 non
868 4310 986 4369 nisi
1034 4309 1112 4368 ad
1158 4307 1457 4369 Neronem
1506 4307 1801 4387 pertinere
1846 4317 2061 4387 potest,
2116 4328 2253 4368 cum
2309 4307 2552 4369 Galliae
2596 4308 2773 4368 later-

2370 4424 2431 4475 7*
