3414 5193
1625 377 2090 433 —144—

684 651 890 726 M-
950 650 1443 726 Tuli-225
1506 648 2178 744 (Sergi-uz)
2236 651 3029 747 Philippus

1371 805 1380 810 ⁴
1593 785 2133 867 244-249.

796 945 867 1001 Α.
907 943 1228 1011 Coloniae,
1269 958 1432 1012 quae
1468 915 1553 999 ex
1593 942 1883 1013 Philippo
1924 944 2134 1001 Arabe
2173 946 2504 1002 sollemnia
2543 944 2923 1015 cognomina

1655 1034 2060 1102 acceperunt.

1613 1192 2063 1264 Thu-acia.

732 1335 872 1396 162.
947 1334 1584 1420 Philippopolis
1636 1363 1710 1389 z
1767 1323 1917 1398 col.
1986 1333 2250 1416 (Julia)
2311 1332 2982 1419 Philippopolis,

809 1457 1250 1538 Philippopolis
1298 1480 1334 1517 a
1378 1458 1664 1538 Philippo
1696 1458 1782 1531 II,
1828 1458 2229 1518 Macedonum
2276 1478 2428 1536 rege,
2474 1457 2717 1517 condita
2762 1468 2863 1530 est,
2910 1479 3029 1518 non

682 1564 719 1603 a
759 1543 1061 1623 Philippo,
1109 1544 1519 1604 Romanorum
1564 1546 1935 1624 imperatore,
1983 1552 2050 1602 ut
2092 1542 2391 1603 Eusebius
2435 1544 2661 1620 (chron.
2709 1544 2775 1603 II
2819 1565 2874 1624 p.
2914 1547 3026 1604 181

561 1691 562 1694 ,
681 1628 977 1700 Schoene)
1025 1628 1179 1689 false
1227 1630 1302 1689 ad
1350 1650 1574 1689 annum
1635 1633 1756 1690 248
1802 1628 1995 1689 refert.
2086 1627 2393 1708 Oppidum
2439 1628 2663 1708 potiuS,
2721 1649 2825 1689 seu
2871 1650 3031 1701 casu,

681 1734 785 1773 seu
832 1715 1126 1786 consulto,
1176 1714 1252 1774 ab
1299 1716 1673 1795 imperatore,
1722 1716 1816 1775 cui
1863 1714 2016 1774 idem
2064 1734 2284 1773 nomen
2332 1723 2511 1792 atque
2554 1714 2845 1775 conditori
2890 1725 3032 1786 erat,

681 1799 956 1861 coloniae
1000 1801 1093 1860 ius
1152 1801 1380 1880 accepit
1448 1810 1626 1878 atque
1671 1801 1801 1860 sine
1854 1799 2040 1860 dubio
2100 1801 2245 1871 ‚‚col.
2302 1798 2510 1860 Julia“
2560 1802 2874 1859 nominata
2926 1810 3035 1872 est,
3106 1854 3113 1862 .

680 1895 748 1945 ut
814 1896 1040 1946 ceterae
1109 1886 1403 1959 coloniae,
1473 1907 1509 1945 a
1576 1885 1860 1966 Philippo
1929 1885 2256 1965 privilegiis
2323 1894 2529 1945 auctae
2630 1887 2702 1943 In
2771 1887 3034 1945 nummis

680 1972 915 2051 quidem
968 1971 1238 2046 (Eckhel
1284 1972 1350 2030 Π
1396 1992 1451 2051 p.
1501 1974 1605 2049 44)
1649 1972 1857 2032 modo:
1907 1973 2052 2050 ‚,col.
2097 1970 2575 2050 Philippopolis“
2617 1971 2920 2050 reperitur,
2967 1972 3031 2029 in

681 2058 907 2137 quibus
954 2078 1132 2137 saepe
1183 2058 1559 2135 cognomina,
1609 2056 1686 2116 ab
1738 2056 2195 2137 imperatoribus
2240 2057 2534 2135 imposita,
2580 2056 2947 2116 omittuntur.

1693 2227 2010 2313 syn-ia.

733 2372 872 2438 163.
949 2370 1439 2455 Neapolis
1492 2398 1563 2425 =
1620 2368 1961 2432 Flavia
2021 2368 2432 2433 Aurelia
2495 2370 2660 2433 col.
2719 2369 2983 2451 Julia

1391 2475 1752 2562 Sergia
1826 2474 2327 2561 Neapolis.

808 2604 1118 2682 Neapolis,
1186 2624 1342 2682 quae
1398 2604 1561 2683 prius
1608 2602 1919 2675 „Sichem“
1981 2602 2287 2675 audiebat,
2344 2604 2406 2661 in
2463 2604 2726 2662 nummis
2778 2623 2853 2663 ex
2907 2603 3028 2665 Titi

685 2690 1051 2768 temporibus
1097 2709 1287 2767 usque
1332 2689 1409 2748 ad
1457 2688 1862 2748 Maximinum
1911 2688 2210 2764 (Mionnet
2244 2688 2409 2749 VIII
2453 2709 2507 2768 p.
2555 2691 2702 2765 344)
2748 2699 3023 2749 vocatur:

681 2774 940 2846 „Flavia
984 2775 1327 2854 Neapolis“
1412 2775 1584 2834 Titus
1639 2774 1823 2851 igitur
1879 2774 2100 2854 oppido
2159 2794 2489 2852 cognomen
2542 2774 2870 2847 „Flaviae“
2923 2777 3029 2833 im-

679 2861 880 2939 posuit
894 2882 907 2932 ;
955 2860 1279 2920 Caracalla
1323 2860 1537 2921 deinde
1566 2859 1923 2933 „Aureliae“
1957 2880 2288 2938 cognomen
2321 2860 2551 2932 adiecit,
2598 2859 2758 2937 quod
2793 2869 3025 2919 tantum

679 2946 742 3003 in
800 2946 963 3005 illius
1019 2947 1280 3005 nummis
1338 2946 1639 3026 reperitur.
1727 2946 1914 3004 Anno
1980 2947 2103 3004 244
2161 2956 2360 3005 autem
2421 2944 2743 3025 Philippus
2812 2945 3027 3018 Arabs,

679 3033 1028 3110 priusquam
1095 3032 1351 3092 Romam
1420 3053 1482 3091 se
1549 3029 1875 3102 conferret,
1940 3031 2160 3110 oppido
2223 3030 2494 3090 coloniae
2551 3032 2644 3091 ius
2703 3052 2828 3091 una
2891 3051 3025 3091 cum

679 3117 1141 3194 cognominibus
1185 3117 1467 3195 „Sergiae
1511 3117 1752 3178 Juliae“
1796 3116 1986 3195 dedit,
2050 3137 2205 3195 quae
2258 3136 2373 3176 non
2422 3116 2539 3175 nisi
2586 3116 2698 3176 sub
2743 3116 3027 3196 Philippo

678 3212 1012 3263 occurrunt.
1100 3204 1315 3262 Postea
1360 3212 1557 3261 autem
1603 3202 1744 3261 urbs
1778 3222 1965 3280 usque
2010 3202 2085 3261 ad
2118 3201 2526 3262 Volusianum
2559 3202 2738 3262 modo
2767 3201 3027 3274 „Flavia

677 3287 1006 3368 Neapolis“
1072 3288 1266 3359 audit,
1332 3287 1502 3347 nulla
1567 3288 1838 3347 coloniae
1905 3289 2209 3348 mentione
2271 3286 2447 3348 facta.
2539 3287 2637 3346 Ex
2709 3287 3026 3366 „Sergiae“

678 3375 1031 3451 cognomine
1106 3373 1453 3453 Philippum
1531 3373 1644 3433 sibi
1719 3393 1934 3432 nomen
2013 3372 2276 3451 „Sergii“
2337 3374 2691 3452 imposuisse
2759 3383 3024 3453 apparet,

682 3459 839 3535 quod
887 3458 1034 3518 alibi
1081 3478 1203 3518 non
1248 3459 1512 3519 refertur.

806 3649 1120 3709 Praeterea
1151 3649 1395 3721 Nisibis,
1441 3650 1680 3710 colonia
1712 3649 2016 3728 Septimia,
2064 3671 2116 3710 a.
2156 3650 2278 3710 244
2312 3671 2348 3709 a
2378 3650 2660 3728 Philippo
2692 3669 3025 3728 cognomen

675 3734 956 3807 ‚‚Juliae“
1001 3737 1241 3815 accepit.
