3414 5193
1588 476 1669 483 --
1765 442 2006 499 64-

501 629 509 636 ·
622 612 1159 688 „Marcellianam“
1203 622 1261 673 et
1285 611 1652 685 „Nerulum“
1697 612 1923 692 oppida
1968 622 2479 674 commemoratur.
2533 614 2956 684 .,Caesariana‘

626 720 847 760 nomen
913 698 990 758 ad
1046 702 1387 777 Augustum
1448 698 1740 774 pertinere
1783 697 2041 772 videtur,
2102 699 2243 758 item
2301 709 2478 778 atque
2521 699 2973 771 „Caesariana“'

631 785 987 846 Pannoniae
1031 784 1367 857 castellum,
1427 783 1585 862 quod
1643 786 1919 862 Augusto
1973 786 2304 863 imperante
2362 786 2422 843 in
2469 785 2795 845 Pannonia
2840 784 2976 845 sub-

629 873 783 932 iecta
828 870 1134 931 conditum
1179 879 1279 929 est.
1368 869 1710 948 Utrumque
1755 869 2060 948 oppidum,
2108 891 2242 931 cum
2289 880 2522 931 tantum
2571 872 2630 930 in
2669 871 2973 930 itinerario

628 957 925 1019 Antonini
970 964 1476 1026 commemoretur,
1523 955 1700 1014 statio
1748 975 1851 1014 seu
1897 955 2208 1017 castellum
2259 955 2446 1015 fuisse
2489 957 2739 1017 videtur.

1170 1127 1181 1133 ’
1280 1126 1736 1212 Hispania
1792 1126 2313 1196 Lusitania.

1331 1250 1436 1313 40.
1492 1251 2277 1333 Augustobriga.

758 1375 1234 1455 Augustobriga,
1284 1375 1614 1436 Vettonum
1663 1376 1979 1455 oppidum,
2025 1396 2062 1436 a
2106 1376 2544 1456 Caesarobriga
2588 1379 2650 1437 in
2697 1399 2976 1440 occasum

629 1482 850 1535 versuS,
899 1463 975 1521 ad
1020 1462 1272 1540 Tagum,
1319 1461 1419 1521 ubi
1466 1461 1642 1521 hodie
1687 1472 1777 1522 est
1822 1461 2157 1541 „Talavera
2201 1461 2265 1522 la
2310 1462 2545 1536 Viera“,
2605 1465 2782 1524 situm
2830 1475 2977 1526 erat.

633 1548 943 1628 Oppidum
989 1549 1072 1607 ita
1116 1548 1285 1607 audit
1330 1547 1493 1626 apud
1538 1547 1806 1607 Plinium
1855 1549 1958 1623 (IV
2018 1551 2194 1625 118),
2240 1548 2651 1609 Ptolemaeum
2700 1550 2789 1625 (II
2833 1553 2975 1630 5,9)‚

630 1635 691 1692 in
738 1634 1043 1693 itinerario
1089 1633 1389 1693 Antonini
1436 1636 1517 1708 (p.
1565 1634 1729 1710 438),
1776 1633 1837 1691 in
1884 1632 2119 1693 duobus
2165 1633 2350 1694 titulis
2395 1634 2483 1712 (C.
2527 1637 2573 1694 Ι.
2618 1635 2689 1695 L.
2733 1636 2800 1696 H
2831 1638 2975 1714 941,

630 1721 848 1799 5346),
889 1740 1024 1780 cum
1056 1719 1387 1779 Ravennas
1416 1717 1675 1778 formam
1706 1718 2260 1796 „Augustobriam“
2289 1719 2588 1782 exhibeat.
2664 1722 2976 1800 Augustus

628 1804 1020 1883 stipendiario
1101 1803 1320 1882 oppido
1396 1803 1650 1863 fortasse
1722 1803 1879 1862 intra
1954 1824 2144 1864 annos
2236 1806 2515 1879 26-25,
2605 1806 2824 1885 quibus
2913 1809 2975 1866 in

628 1890 935 1969 Hispania
973 1900 1236 1949 moratus
1266 1890 1612 1969 provincias
1643 1887 1841 1949 denuo
1872 1890 2145 1962 instituit,
2176 1910 2391 1951 nomen
2421 1892 2979 1971 ,‚Augustobrigae“

625 1976 717 2053 (id
763 1986 880 2036 est:
927 1976 1226 2054 „Augusti
1274 1976 1485 2054 arcis“)
1531 1975 1840 2053 imposuit,
1886 1974 2045 2053 quod
2095 1976 2259 2054 apud
2312 1986 2536 2037 veteres
2583 1997 2813 2054 semper
2855 1978 2980 2038 vol·

626 2082 768 2141 gare
811 2072 952 2122 erat.

1438 2151 2261 2223 Tam-aconensis.

1357 2278 1461 2339 41.
1535 2277 2305 2361 Augustobriga.

758 2403 1240 2482 Augustobriga,
1304 2402 1367 2461 in
1434 2401 1834 2462 Pelendorum
1895 2404 2192 2465 territorio
2258 2404 2415 2464 intra
2476 2404 2878 2465 Turasionem
2922 2416 2980 2466 et

630 2488 1026 2549 Numantiam
1052 2486 1275 2567 oppida
1298 2487 1429 2558 sita,
1453 2486 1689 2547 diversa
1713 2496 1801 2548 est
1824 2487 1901 2548 ab
1926 2489 2380 2568 Augustobriga
2401 2490 2769 2551 Lusitaniae.
2794 2491 2980 2570 Oppi-

629 2575 793 2648 dum,
838 2575 998 2654 quod
1044 2581 1541 2635 commemoratur
1586 2573 1747 2649 apud
1792 2573 2200 2635 Ptolemaeum
2240 2575 2330 2649 (ΙΙ
2362 2578 2548 2654 6,54),
2579 2577 2644 2635 in
2674 2576 2978 2638 itinerario

630 2662 925 2721 Antonini
974 2661 1051 2739 (p.
1098 2661 1263 2738 442),
1309 2660 1469 2738 apud
1515 2660 1937 2720 Ravennatem
1982 2661 2099 2736 (IV
2147 2664 2271 2735 43),
2317 2663 2378 2720 in
2426 2661 2699 2722 miliariis
2729 2663 2978 2723 Traiani

630 2746 703 2824 (C
768 2746 817 2806 Ι.
865 2747 934 2806 L.
981 2746 1047 2805 II
1114 2747 1311 2819 4891,
1373 2748 1558 2819 4893,
1621 2747 1815 2818 4896,
1879 2748 2379 2826 4897-4901)‚
2448 2747 2758 2810 Hadriani
2823 2748 2883 2826 (l.
2930 2770 2977 2810 c.

630 2833 839 2910 4892),
885 2831 1087 2892 Flavii
1133 2830 1472 2892 Constantii
1504 2831 1713 2908 (6237,
1761 2852 1810 2891 a.
1843 2852 1893 2893 a.
1928 2833 2248 2912 305s306),
2294 2833 2455 2893 intra
2498 2854 2692 2894 annos
2726 2835 2977 2895 26-25

629 2918 707 2978 ab
753 2918 1030 2996 Augusto
1075 2917 1382 2977 conditum
1444 2937 1570 2977 esse
1612 2917 1875 2990 videtur,
1935 2928 2113 2996 atque
2176 2918 2336 2994 apud
2399 2919 2708 2980 Romanos
2752 2941 2827 2980 ex
2873 2920 2978 2980 illo

628 3013 894 3082 tempore
939 3023 1168 3082 semper
1212 3001 1525 3063 audiebat:
1572 3002 2116 3082 „Augustobriga.‘·

1420 3141 1523 3202 42.
1596 3139 2184 3222 juliobriga.

759 3263 1132 3342 Juliobriga,
1193 3264 1650 3342 stipendiarium
1714 3264 2030 3342 oppidum,
2090 3264 2533 3325 Cantabrorum
2582 3266 2644 3324 in
2689 3266 2978 3327 territorio

628 3350 824 3421 situm,
873 3349 1033 3428 quod
1080 3369 1117 3408 a
1159 3349 1363 3409 Plinio
1411 3350 1532 3419 (111
1581 3351 1691 3421 273
1738 3349 1835 3409 IV
1888 3352 2060 3423 111»,
2117 3350 2463 3411 Ptolemaeo
2519 3350 2606 3428 (ΙΙ
2655 3354 2849 3427 6,51),
2913 3354 2977 3411 in

629 3435 891 3494 externis
935 3434 1123 3494 titulis
1170 3434 1260 3511 (C.
1306 3435 1353 3495 Ι.
1398 3436 1470 3495 L.
1514 3435 1580 3494 11
1629 3436 1812 3507 2480,
1862 3436 2043 3508 2916,
2107 3438 2304 3509 4192,
2369 3438 2562 3516 4240)
2625 3457 2978 3498 commemo-

628 3528 824 3597 ratur,
885 3518 1012 3580 fere
1067 3541 1229 3579 anno
1294 3522 1366 3581 19
1415 3542 1465 3581 a.
1511 3520 1647 3581 Chr.
1693 3541 1754 3582 n.
1819 3520 2144 3581 Cantabris
2198 3541 2439 3600 prorsus
2502 3522 2752 3583 devictis
2800 3533 2979 3603 atque

630 3605 908 3665 subiectis
976 3605 1230 3666 fortasse
1293 3606 1371 3666 ab
1435 3607 1712 3686 Agrippa
1773 3605 2081 3666 conditum
2144 3616 2203 3666 et
2246 3608 2512 3685 Augusti
2565 3608 2627 3667 in
2690 3608 2975 3669 honorem

629 3690 1041 3770 „Juliobriga“
1099 3691 1476 3751 nominatum
1537 3701 1637 3753 est.
1728 3690 2034 3771 Oppidum
2099 3702 2411 3772 propterea
2471 3714 2593 3754 non
2641 3697 2978 3773 „Augusto-

630 3775 852 3854 briga“,
898 3777 999 3836 sed
1042 3777 1461 3856 „Juliobriga“
1497 3777 1878 3837 nominatum
1924 3789 2026 3850 est,
2072 3776 2231 3856 quod
2263 3778 2445 3858 paulo
2493 3788 2630 3838 ante
2659 3781 2722 3838 in
2769 3779 2975 3839 eadem

630 3862 941 3941 provincia
983 3862 1205 3942 oppido
1251 3862 1458 3941 alicui,
1521 3862 1680 3941 quod
1745 3862 1821 3921 ab
1882 3862 2226 3941 <Iuliobriga
2289 3884 2415 3923 non
2463 3864 2648 3924 multo
2694 3864 2976 3943 distabat,

630 3948 1153 4026 „Augustobriga“
1195 3968 1415 4008 nomen
1454 3957 1583 4007 erat
1610 3947 1970 4027 impositum.
2045 3947 2331 4008 Plurimis
2360 3949 2604 4028 reliquis
2637 3951 2978 4031 Hispaniae

630 4032 882 4113 oppidis,
927 4054 1081 4113 quae
1125 4042 1259 4113 post
1303 4054 1530 4093 annum
1581 4036 1657 4093 27
1707 4053 1870 4093 nova
1913 4034 2163 4093 nomina
2210 4044 2583 4114 acceperunt,
2627 4037 2980 4114 „Augusta“

628 4138 956 4197 cognomen
1002 4139 1106 4179 seu
1152 4139 1390 4190 nomen,
1436 4139 1569 4179 cum
1602 4119 1939 4197 „Augusti“
1985 4139 2130 4179 voce
2174 4121 2585 4200 compositum,
2632 4122 2837 4181 datum
2873 4132 2977 4182 est.

629 4203 1040 4283 „.Juli0briga·‘
1083 4225 1300 4264 nomen
1349 4204 1511 4284 apud
1558 4203 1866 4264 Romanos
1911 4224 2144 4285 semper
2187 4206 2472 4266 usitatum
2513 4205 2700 4267 fuisse
2729 4206 2977 4280 videtur,

629 4310 762 4349 cum
810 4290 987 4349 etiam
1037 4291 1099 4349 in
1147 4290 1360 4350 notitia
1405 4289 1766 4368 dignitatum
1813 4303 1920 4366 (oc.
1968 4292 2176 4369 42,30)
2225 4301 2512 4353 occurrat.
