3414 5193
1587 507 1666 514 —
1764 470 1879 528 132
1970 467 2052 514 -’

645 639 998 700 Alexandro
1045 641 1222 700 etiam
1269 641 1694 718 cognomina»
1670 639 1934 700 »Marcia
1981 639 2260 701 Aurelia«
2307 648 2645 718 occurrunt,
2698 660 2836 700 cum
2876 648 3009 720 post

641 724 816 787 illum
862 746 1050 805 usque
1096 725 1172 785 ad
1206 724 1584 786 Herennium
1618 725 1940 785 Etruscum
1987 727 2050 784 in
2098 726 2360 786 nummis
2410 725 2644 785 modo»
2619 724 3010 840 »Metropolis

662 811 773 872 col.
816 811 1076 871 Edessa«
1117 812 1458 891 reperiatur.

1611 981 1970 1051 Africa.

896 1142 1037 1205 144.
1086 1141 1376 1206 Sufes
1428 1172 1499 1199 --.-
1557 1144 1729 1205 001.
1782 1142 2198 1205 Aurelia
2246 1140 2759 1206 Sufetana.

773 1284 950 1346 Sufes
1026 1283 1285 1360 colonia,
1363 1305 1516 1363 quae
1592 1283 1668 1344 ab
1738 1284 2144 1344 Ammaedara
2211 1285 2272 1342 in
2342 1285 2622 1344 orientem
2692 1282 3000 1362 vergebat,

644 1380 1144 1432 commemoratur
1187 1371 1248 1428 in
1297 1370 1532 1430 duobus
1579 1369 1766 1435 titulis
1814 1369 1900 1447 (C.
1934 1370 1980 1430 I.
2011 1369 2077 1428 L.
2127 1369 2293 1429 VIII
2341 1372 2483 1446 258,
2533 1371 2697 1448 262),
2744 1388 2999 1446 quorum

644 1458 702 1516 in
766 1456 950 1516 altero
995 1457 1166 1531 (262)
1232 1476 1479 1515 nomen:
1550 1454 1688 1516 »col.
1735 1454 1991 1515 Aurelia
2036 1454 2356 1514 Sufetana«
2399 1454 2826 1515 restituendum
2875 1475 3001 1515 esse

642 1542 904 1612 videtur;
963 1541 1122 1619 quod
1171 1542 1219 1600 si
1267 1542 1394 1601 iure
1437 1541 1521 1619 fit,
1570 1541 1650 1601 M.
1684 1541 1972 1600 Aurelius
2017 1540 2324 1601 Sufetanis
2370 1540 2642 1602 coloniae
2688 1542 2779 1599 ius
2819 1540 2997 1600 dedit.

645 1627 813 1687 Alibi
853 1625 1029 1687 Sufes
1075 1626 1319 1686 colonia
1368 1647 1489 1687 non
1538 1626 1755 1685 dieitur
1798 1637 1974 1705 atque
2019 1627 2265 1685 omnino
2310 1626 2610 1686 rarissime
2654 1627 2815 1707 apud
2861 1647 2997 1686 auc-

534 1728 537 1731 ’
642 1722 797 1772 tores
843 1712 1111 1796 occurrit.

649 1885 792 1950 145.
841 1884 1324 1949 Mactaris
1379 1913 1449 1939 -τ
1504 1886 1674 1948 001.
1737 1884 2486 1960 AeliaAurelia
2536 1885 2988 1973 Augusta

1460 1989 2165 2063 Mactaritana.

775 2132 1084 2210 MactariS,
1134 2153 1288 2211 quae
1321 2153 1356 2192 a
1390 2133 1578 2192 Zama
1612 2133 1799 2211 Regia
1833 2133 1891 2191 in
1941 2134 2224 2192 orientem
2255 2131 2557 2209 vergebat,
2604 2140 2739 2211 post
2767 2152 2993 2192 annum

648 2219 767 2277 170
827 2216 870 2277 ¹a
931 2218 1015 2279 M.
1073 2217 1321 2277 Aurelio
1388 2219 1624 2278 colonia
1688 2222 1849 2278 sacta
1915 2228 2014 2278 est.
2105 2219 2180 2277 In
2245 2217 2416 2278 titulo
2483 2217 2575 2290 (C.
2624 2217 2668 2278 I.
2715 2217 2785 2276 L.
2840 2217 2995 2278 VIII

647 2305 879 2380 11799)
927 2302 1108 2382 enim,
1155 2304 1258 2382 qui
1305 2303 1381 2364 ad
1430 2324 1654 2363 annum
1713 2305 1827 2363 170
1875 2306 2146 2383 pertinet,
2202 2304 2378 2363 etiam
2427 2304 2666 2363 »civitas
2714 2303 2996 2363 Mactari-

641 2398 952 2448 tanorum«
998 2389 1271 2468 occurrit,
1320 2410 1456 2448 cum
1502 2389 1787 2468 oppidum
1839 2389 1973 2449 aliis
2019 2390 2082 2448 in
2127 2389 2316 2449 titulis
2365 2389 2428 2464 (l.
2474 2409 2520 2449 e.
2571 2391 2712 2466 677,
2767 2390 2990 2468 11801,

648 2476 877 2552 11804,
941 2477 1163 2547 11809,
1231 2478 1468 2548 11813;
1538 2496 1656 2534 rev.
1705 2474 1864 2535 arch.
1911 2475 2074 2534 XIX
2130 2496 2186 2554 p.
2234 2477 2379 2554 298)
2428 2483 2561 2533 aut:
2629 2473 2768 2534 »eoL
2815 2474 2994 2534 Aelia

641 2560 896 2620 Aurelia
928 2562 1209 2638 Augusta
1240 2560 1560 2621 Mactaris«
1593 2569 1698 2621 aut
1727 2560 1938 2622 modo:
1987 2560 2123 2621 »coL
2155 2560 2724 2621 Mactaritanorum«
2754 2559 2992 2640 audiat,

641 2666 794 2724 quae
860 2648 1222 2724 cognomina
1285 2647 1615 2725 sollemnia,
1684 2646 1939 2707 fortasse
2004 2667 2123 2706 uno
2184 2657 2449 2726 tempore
2508 2668 2543 2706 a
2603 2646 2686 2708 M.
2746 2646 2993 2706 Aurelio

641 2731 919 2791 coloniae
983 2733 1280 2811 imposita,
1346 2742 1498 2792 certe
1559 2733 1735 2792 etiam
1798 2753 1962 2792 anno
2019 2733 2140 2793 308
2202 2733 2289 2810 (C.
2336 2733 2381 2792 Ι.
2427 2732 2495 2793 L.
2541 2730 2706 2791 VIII
2756 2731 2991 2813 11804)

639 2817 1104 2897 usurpabantur.
1196 2817 1279 2879 M.
1312 2818 1599 2878 Aurelius
1646 2818 1796 2877 alias
1840 2818 2106 2878 »Aeliae«
2152 2838 2478 2896 cognomen
2524 2839 2650 2876 non
2688 2818 2988 2898 imposuit,

641 2902 743 2963 sed
827 2902 1120 2983 plurimae
1203 2903 1472 2963 coloniae
1553 2904 1716 2963 illius
1799 2913 2048 2964 vocatae
2131 2913 2272 2963 sunt
2353 2903 2559 2963 modo:
2635 2903 2991 2976 »Aureliae«,

641 2988 1015 3049 nonnullae:
1063 2989 1380 3049 »Aureliae
1425 2989 1768 3067 Augustae«
1813 2992 1911 3049 vel
1952 2989 2264 3049 »Aureliae
2309 2989 2817 3050 Antoninianae«

1497 3256 1567 3312 B.
1609 3256 1840 3313 Cetera
1879 3257 2133 3327 oppida,

844 3362 1008 3416 quae
1049 3362 1128 3403 ex
1168 3348 1246 3403 Μ.
1289 3347 1543 3403 Aurelio
1581 3361 1809 3402 nomen
1849 3348 1948 3403 vel
1991 3361 2344 3417 cognomen
2385 3349 2788 3418 acceperunt.

1296 3505 1809 3577 Get-mania
1862 3506 2367 3592 sapen-ion.

653 3669 792 3731 180.
863 3666 1278 3730 Aurelia
1357 3666 1854 3753 Aquensis
1928 3695 2002 3722 --
2078 3668 2412 3753 Aquae
2495 3667 2999 3731 Aureliae.

774 3810 849 3870 In
904 3808 1090 3868 titulis
1147 3808 1462 3869 Rhenanis
1525 3808 1887 3885 (Brambach
1943 3805 2007 3870 C.
2055 3810 2101 3868 I.
2149 3809 2263 3869 Rh.
2328 3811 2510 3887 1900,
2576 3811 2757 3887 1956,
2818 3811 3001 3889 1957,

657 3890 840 3978 1958)
879 3895 1088 3955 civitas
1123 3894 1373 3955 Aurelia
1405 3895 1709 3973 Aquensis
1755 3896 2023 3974 occurrit,
2070 3915 2241 3975 quae,
2288 3896 2349 3953 in
2394 3894 2603 3954 dextra
2643 3895 2775 3974 ripa
2806 3895 3003 3955 Rheni

648 3982 810 4040 intra
857 3984 1330 4058 Argentoratum
1377 3990 1434 4040 et
1463 3980 1903 4058 Noviomagum
1951 3983 2081 4053 sita,
2127 3981 2255 4040 sine
2300 3979 2484 4039 dubio
2529 3979 2605 4040 ab
2652 3980 3006 4059 imperatore

649 4067 734 4127 M.
780 4065 1051 4145 Aurelio,
1116 4066 1220 4143 qui
1275 4067 1473 4144 Agros
1521 4067 1904 4145 Decumates,
1969 4066 2070 4144 qui
2125 4066 2423 4137 dicuntur,
2488 4064 2677 4125 limite
2731 4065 3005 4127 confecto

648 4153 923 4224 instituit,
969 4150 1214 4211 condita
1260 4161 1361 4211 est.
1452 4151 1603 4212 Cum
1652 4151 1940 4232 oppidum
1987 4152 2049 4211 in
2082 4151 2394 4211 nonnullis
2427 4150 2613 4209 titulis
2652 4150 2711 4228 (l.
2742 4172 2789 4211 c.
2828 4153 3006 4225 1960,

655 4239 842 4317 1962)
904 4236 1082 4297 modo
1140 4238 1414 4316 »Aquae«
1476 4238 1702 4310 audiat,
1771 4238 2072 4318 proprium
2133 4258 2349 4297 nomen
2404 4236 2648 4315 »Aquae
2693 4237 3009 4298 Aureliae«

649 4322 891 4384 videtur
933 4321 1134 4383 fuisse.
