3414 5193
1594 448 2064 507 —148—

1368 612 1739 684 Moesia
1792 614 2299 703 sapen-iou·-

1442 756 1585 818 193.
1635 757 2202 826 Aureliana.

647 1064 703 1122 p.
752 1045 873 1105 285
921 1045 1124 1118 Bonn)
1186 1057 1244 1107 et
1304 1069 1378 1109 ex
1431 1050 1537 1110 illo
1589 1053 1998 1123 „Aureliana“
2055 1066 2333 1118 vocatum
2389 1068 2492 1131 est,
2557 1060 2718 1137 quod
2773 1081 2995 1122 nomen

649 1138 818 1191 sexto
864 1132 1106 1194 saeculo
1151 1135 1330 1194 etiam
1375 1136 1621 1214 volgare
1663 1146 1805 1200 erat.
1871 1169 1877 1176 ·

774 1304 1091 1368 Praeterea
1133 1308 1482 1383 Aureliane,
1548 1309 1782 1387 Mysiae
1834 1314 2140 1393 oppidum,
2204 1316 2283 1378 ad
2326 1317 2603 1380 Euenum
2659 1320 2854 1393 situm,
2918 1321 2995 1385 ab
3072 1351 3075 1354 ’

646 1388 981 1450 Aureliano
1027 1393 1336 1452 conditum
1381 1404 1468 1455 est
1510 1396 1732 1473 (Pauly
1781 1399 2086 1462 Wissowa
2131 1401 2196 1462 II
2240 1423 2296 1481 p.
2344 1404 2552 1480 2427).

1465 1685 2189 1764 Ata-:celius

933 1801 1643 1881 Valerius
1703 1809 2696 1890 D2001÷tianus

1589 1935 2081 2019 284—305.
2144 1992 2149 1998 -

841 2108 911 2161 A.
971 2104 1302 2171 Coloniae,
1342 2116 1507 2171 quae
1548 2116 1628 2158 ex
1667 2101 2066 2158 Diocletiano
2107 2102 2598 2172 cognominatae
2637 2104 2801 2161 sunt.
2909 2087 2912 2090 “

770 2231 1007 2309 Capua,
1078 2230 1186 2291 col.
1252 2228 1424 2291 Julia
1485 2230 1766 2305 Augusta
1821 2228 2013 2299 Felix,
2084 2249 2119 2286 a
2185 2228 2564 2288 Diocletiano
2632 2230 2994 2307 cognomina

642 2316 968 2389 „Valeriae
1013 2315 1424 2376 Concordiae“
1469 2314 1695 2388 aceepit
1741 2313 1828 2387 (C.
1874 2316 1919 2372 I.
1967 2313 2034 2372 L.
2079 2314 2145 2372 X
2190 2316 2398 2394 3867).

813 2497 879 2552 B.
921 2496 1157 2553 Cetera
1196 2494 1458 2565 oppida,
1497 2508 1661 2563 quae
1701 2508 1784 2549 ex
1822 2493 2236 2550 Diocletiano
2265 2466 2589 2550 nominata
2626 2496 2793 2552 sunt.

1552 2663 2100 2765 Thessafia.

1241 2807 1381 2870 194.
1429 2806 2390 2891 Diocletianopolis.

771 2932 1339 3011 DiocletianopoliS‚
1414 2931 1763 2993 Thessaliae
1827 2931 1999 3006 urbS,
2075 2953 2227 3010 quae
2294 2934 2449 2993 inter
2516 2932 2870 2993 Pharsalum
2937 2941 2994 2992 et

645 3018 1031 3097 Metropolim
1077 3019 1190 3078 sita
1234 3029 1376 3090 erat,
1433 3027 1929 3078 commemoratur
1971 3018 2130 3096 apud
2177 3018 2369 3078 solum
2417 3018 2757 3079 Hieroclem
2802 3019 2992 3094 (642),

645 3114 812 3164 sexto
878 3105 1060 3182 igitur
1115 3104 1354 3164 saeculo
1416 3105 1594 3164 etiam
1652 3105 1736 3163 ita
1794 3103 2094 3164 audiebat.
2182 3103 2402 3165 Postea
2445 3104 2733 3183 oppidum
2780 3124 2816 3164 a
2858 3103 2993 3165 bar-

643 3189 806 3265 baris
869 3189 1128 3249 deletum
1176 3210 1302 3249 esse
1356 3190 1607 3260 videtur,
1671 3210 1808 3249 cum
1867 3190 1928 3246 in
1980 3190 2205 3248 notitiis
2248 3191 2696 3267 episcopatuum
2742 3189 2990 3249 neniam

645 3286 931 3335 occurrat.

1521 3409 2133 3490 Μεοεάοηίει.

1244 3550 1384 3614 195.
1437 3517 2408 3638 DiocletianopoliS.

768 3694 1320 3770 Diocletianopolis,
1383 3697 1538 3756 inter
1580 3695 2050 3756 Thessalonicen
2108 3706 2167 3757 et
2212 3696 2503 3757 Edessam
2549 3698 2679 3769 sita,
2741 3718 2992 3759 comme-

644 3789 916 3839 moratur
974 3780 1037 3841 in
1101 3779 1409 3840 itinerario
1474 3780 1769 3841 Antonini
1831 3789 1906 3856 (p.
1967 3783 2135 3857 330),
2201 3782 2363 3856 apud
2423 3783 2758 3843 Hieroclem
2806 3785 2992 3861 (635),

643 3864 1111 3926 Constantinum
1139 3866 1824 3945 Phorphyrogennetum
1872 3867 1970 3938 (de
2012 3867 2192 3928 them.
2225 3867 2291 3928 ΙΙ
2322 3870 2446 3946 49),
2492 3868 2848 3947 Procopium
2895 3869 2993 3945 (de

645 3950 822 4013 aedif.
876 3951 974 4011 IV
1020 3953 1100 4028 3),
1167 3951 1492 4030 Georgium
1547 3952 1838 4031 Cyprium
1892 3955 2077 4030 (471),
2148 3953 2210 4013 in
2257 3955 2482 4014 notitiis
2541 3954 2993 4033 episcopatuum

644 4036 802 4112 (VII
835 4037 974 4108 240,
1026 4036 1186 4095 VIII
1232 4039 1373 4109 520,
1420 4038 1515 4097 IX
1548 4040 1718 4112 431).
1808 4038 2133 4116 Oppidum,
2179 4059 2215 4098 a
2245 4039 2622 4099 Diocletiano
2668 4039 2993 4112 conditum,
3097 4086 3104 4095 .

643 4121 981 4183 Justiniani
1027 4132 1219 4182 aetate
1263 4132 1506 4201 propter
1539 4122 1932 4183 barbarorum
1979 4124 2325 4184 invasiones
2358 4124 2436 4184 ab
2466 4124 2677 4185 incolis
2722 4124 2992 4185 relictum

642 4216 770 4268 erat
813 4207 1083 4286 (Procop.
1118 4208 1155 4268 l.
1188 4214 1289 4280 e.);
1335 4218 1540 4286 postea
1585 4218 1782 4269 autem
1816 4230 2018 4269 rursus
2047 4209 2249 4271 floruit
2280 4219 2460 4288 atque
2490 4210 2719 4295 decimo
2750 4210 2993 4271 saeculo

641 4293 820 4352 etiam
870 4295 1138 4353 occurrit.
