3414 5193
1583 444 1659 453 --
1758 409 1876 468 128
1977 445 2038 451 --

1632 579 1993 649 Africa.

780 671 920 734 135·
995 701 1292 766 Lares
1345 731 1418 759 --·
1472 705 1645 767 col.
1699 704 1987 766 Aelia
2037 702 2474 798 Augusta
2522 701 2845 767 Lares.

763 827 952 886 Lares
997 827 1303 906 oppidum,
1339 848 1529 904 prope
1573 828 1806 889 Siccam
1864 830 2069 901 situm,
2125 828 2365 888 colonia
2418 828 2638 888 dicitur
2692 829 2755 886 in
2812 828 2980 889 itine-

636 912 793 972 rario
839 914 1140 973 Antonini
1185 922 1261 993 (p.
1310 917 1431 987 26),
1474 915 1532 972 in
1579 913 1792 974 tabula
1836 913 2323 992 Peutingeriana,
2367 914 2429 974 in
2474 913 2647 973 titulo
2692 914 2780 990 (C.
2826 914 2876 974 Ι.
2911 915 2979 975 L.

638 998 805 1059 VIII
861 1000 1063 1072 1779=,
1108 998 1211 1059 ubi
1258 1000 1404 1059 haec
1450 998 1759 1077 leguntur:
1848 1000 2045 1073 „Divo
2096 1000 2408 1060 Antonino
2455 998 2697 1060 Caesari
2744 998 2982 1061 colonia

617 1079 816 1143 ‘Aelia
848 1086 1122 1164 Auguste
1153 1085 1395 1145 LareS.·‘
1454 1083 1703 1158 „Aeliae
1751 1084 2101 1167 Augustae“
2134 1084 2494 1164 cognomina
2539 1085 2826 1163 oppidum
2859 1107 2983 1145 una

637 1189 769 1228 cum
818 1170 1091 1229 coloniae
1150 1171 1278 1230 iure
1331 1190 1453 1230 non
1513 1170 1591 1231 ab
1638 1170 1987 1242 HadrianO,
2045 1169 2147 1230 sed
2202 1170 2277 1230 ab
2324 1169 2640 1229 Antonino
2686 1172 2983 1249 accepisse-

631 1275 710 1314 ex
755 1254 929 1315 titulo
994 1255 1180 1315 allato
1242 1255 1596 1318 concludere
1660 1256 1824 1330 licet;
1890 1256 2139 1327 accedit,
2201 1255 2357 1334 quod
2415 1276 2630 1319 ,omnes
2676 1256 2980 1316 Hadriani

635 1339 920 1412 coloniae,
969 1344 1027 1402 in
1077 1340 1293 1402 Africa
1336 1343 1499 1414 sitae,
1544 1341 1968 1415 „Hadrianae“
2021 1361 2257 1419 quoque
2319 1350 2552 1422 praeter
2593 1342 2880 1414 ‚,Aeliae“
2925 1353 2983 1402 et

631 1426 1024 1504 ‚,Augustae“
1070 1428 1433 1506 cognomina
1479 1436 1856 1505 acceperunt,
1926 1447 2056 1486 cum
2118 1427 2306 1486 Lares
2360 1435 2419 1486 et
2473 1426 2759 1487 Thaenae
2802 1428 2981 1487 modo

634 1511 882 1583 „Aeliae
925 1516 1279 1590 Augustae“
1326 1513 1642 1572 nominata
1689 1513 1827 1572 sint.
1916 1512 2093 1588 Quae
2141 1512 2354 1572 ambae
2415 1511 2681 1572 coloniae
2723 1513 2978 1592 primam

634 1599 696 1656 iu
742 1607 995 1658 aetatem
1043 1600 1340 1658 Antonini
1397 1598 1608 1658 cadere
1661 1598 1969 1670 videntur,
2027 1618 2159 1657 cum
2224 1598 2541 1677 posteriore
2601 1607 2793 1659 aetate
2850 1619 2982 1677 cog·

632 1685 886 1743 nomina
945 1684 1235 1757 „Aurelia
1296 1684 1443 1743 Pia“
1512 1684 1777 1744 Canusio
1840 1682 2110 1743 coloniae
2175 1684 2457 1763 imposita
2510 1682 2641 1743 sint.
2731 1683 2983 1757 ,‚Aelia“

634 1789 958 1847 cognomen
1005 1771 1162 1830 enim
1210 1770 1465 1848 pertinet
1508 1769 1586 1829 ad
1631 1770 1912 1847 pietatem
1959 1769 2256 1827 Antonini
2301 1789 2441 1847 erga
2486 1768 2900 1841 Hadrianum,
2947 1792 2984 1829 a

633 1875 751 1933 quo
799 1855 1121 1936 adoptatus
1167 1863 1307 1915 erat.

865 2009 1006 2072 136.
1081 2007 1547 2073 Thaenae
1601 2036 1657 2062 :-
1729 2011 1902 2078 col,
1964 1970 2254 2074 Aelia
2319 2008 2762 2089 Augusta

1218 2097 1870 2162 Mercurialis
1938 2097 2487 2166 Thaenae„

760 2204 1045 2265 Thaenae
1088 2206 1391 2285 oppidum,
1437 2205 1599 2284 quod
1632 2225 1667 2264 a
1696 2204 2040 2282 Thysdroin
2072 2205 2378 2265 meridiem
2425 2204 2722 2283 vergebat,
2770 2206 2832 2263 in
2878 2225 2985 2263 ora

633 2290 935 2349 maritima
1001 2292 1178 2350 situm
1248 2301 1391 2351 erat.
1481 2290 1790 2369 Oppidum
1861 2291 2053 2351 audit:
2121 2291 2393 2364 „colonia
2461 2290 2639 2350 Aelia
2708 2291 2985 2367 Augusta

631 2375 1006 2435 Mercurialis
1053 2376 1523 2436 Thaenitorum“
1566 2397 1671 2436 seu
1719 2377 1892 2436 modo
1938 2376 2154 2448 „Aelia
2187 2376 2361 2436 Felix
2392 2375 2670 2435 Thenae“
2701 2376 2760 2433 in
2794 2375 2984 2434 titulis

632 2460 893 2524 (Gruter.
939 2483 995 2540 p.
1044 2464 1187 2535 363,
1249 2466 1311 2533 33
1359 2463 1423 2522 G.
1470 2464 1515 2521 Ι.
1561 2463 1631 2523 L.
1679 2462 1847 2522 VIII
1905 2464 2094 2525 2991)
2154 2471 2331 2539 atque
2389 2461 2652 2532 „Thenis
2705 2460 2984 2521 colonia“

630 2547 692 2605 in
763 2548 1068 2607 itinerario
1147 2547 1446 2607 Antonini
1517 2548 1594 2630 (p.
1641 2547 1740 2621 46,
1789 2551 1889 2623 47,
1948 2550 2207 2621 48,*57,·
2264 2550 2385 2627 59).
2474 2546 2759 2607 Thaenae
2820 2558 2981 2606 recta

630 2632 827 2692 forma
902 2643 1032 2706 est,
1096 2635 1316 2714 quippe
1388 2656 1543 2713 quae
1621 2634 1684 2692 in
1760 2634 1973 2694 titulis*
2023 2635 2286 2713 opti-mae
2362 2633 2573 2693 aetatis
2647 2644 2978 2712 usurpetur.

631 2720 979 2778 Antoninus
1047 2720 1312 2779 Thaenis
1384 2721 1522 2800 item
1593 2730 1772 2798 atque
1840 2720 2097 2780 Laribus
2167 2721 2372 2800 primis
2440 2719 2811 2799 principatus
2886 2719 2977 2778 sui

630 2805 995 2883 temporibus
1040 2805 1312 2865 coloniae
1343 2807 1434 2864 ius
1466 2807 1723 2867 donasse
1756 2798 2004 2877 videtur,
2050 2816 2117 2864 ut
2160 2826 2341 2884 supra
2373 2805 2843 2864 demonstratum
2875 2815 2978 2863 est.

757 3044 830 3107 Β.
882 3046 1230 3106 Antoninus
1293 3047 1435 3106 Pius
1495 3047 1669 3107 nulla
1732 3047 1953 3126 oppida
2016 3068 2091 3107 ex
2137 3068 2198 3106 se
2245 3047 2608 3119 nominavit,
2655 3047 2769 3105 nisi
2819 3046 2979 3125 quod

884 3129 1095 3203 Olbae,
1144 3132 1393 3192 Ciliciae
1438 3133 1676 3211 oppido,
1726 3132 2015 3193 sollemne
2061 3153 2390 3211 cognomen
2445 3133 2979 3204 ,‚Antoninianae“

886 3217 1194 3296 imposuit,
1250 3218 1408 3296 quod
1466 3219 1522 3275 in
1579 3219 1843 3276 nummis
1899 3239 1973 3278 ex
2031 3218 2193 3277 illius
2249 3219 2595 3298 principatu
2651 3235 2842 3294 usque
2900 3217 2976 3276 ad

886 3301 1267 3362 Caracallam
1317 3304 1568 3362 occurrit
1614 3302 1823 3379 (Head
1869 3303 1949 3363 H.
1997 3304 2073 3362 N.
2122 3325 2176 3383 p.
2224 3304 2385 3378 610).

801 3490 1404 3564 Maxcue
1464 3490 2014 3567 Aeliana
2077 3489 2800 3565 Aurelius-:2

1030 3598 1909 3671 Antoninus
1969 3597 2568 3672 λεὶ-τιεί)-

625 3731 697 3787 Α.
739 3729 1061 3799 Coloniae,
1101 3745 1264 3800 quae
1294 3746 1374 3787 ex
1400 3731 1481 3788 Μ.
1514 3731 1763 3791 Aurelio
1792 3730 2124 3787 sollemnia
2151 3731 2533 3802 cognomina
2558 3734 2965 3801 acceperunt.

1359 3852 1658 3924 Gallia
1713 3852 2238 3938 cisalpina.

635 3976 778 4050 127.
851 3977 1422 4041 Mediolanum
1497 4005 1564 4031 :2
1649 3979 1800 4040 col.
1852 3977 2242 4040 Aurelia?
2338 3977 2971 4042 Antoniniana?

1117 4066 1666 4131 Gallieniana
1716 4067 2100 4154 Augusta
2150 4066 2404 4130 Felix.
2948 4064 2951 4065 ⁷

754 4173 1193 4245 Mediolanum,
1258 4173 1419 4252 quod
1482 4174 1727 4233 Tacitus
1793 4175 1950 4249 (hist.
2015 4174 2048 4233 I
2115 4177 2214 4252 70)
2282 4175 2437 4236 inter
2496 4173 2973 4253 Transpadanae

621 4260 881 4338 regionis
929 4258 1267 4319 firmissima
1312 4259 1641 4338 municipia
1687 4260 1873 4332 affert,
1922 4261 2240 4340 posteriore
2287 4268 2481 4319 aetate
2526 4259 2763 4320 colonia
2806 4258 2973 4319 facta
