3414 5193
1543 425 1959 481 ..54—

575 594 945 653 testimoniis
1054 594 1124 654 O.
1197 594 1390 654 Cuntz
1409 598 1455 665 1)
1521 596 1680 654 enim
1760 596 2068 674 Agrippae
2140 605 2198 655 et
2275 596 2531 673 Augusti
2605 593 2920 652 laterculos

573 679 942 757 Hispaniae,
1003 680 1063 737 in
1129 680 1346 758 quibus
1404 681 1662 739 Dertosa
1722 681 1961 739 colonia
2022 700 2144 740 non
2214 680 2460 752 dicitur,
2517 677 2714 758 ‘paulo
2781 689 2921 738 ante

572 776 900 843 postremos
973 766 1237 843 Augusti
1313 786 1506 825 annos
1596 767 1965 841 conscriptos
2040 787 2166 825 esse
2239 766 2516 826 ostendit.
2610 769 2919 842 Augustus

571 850 847 911 coloniae
891 860 1122 926 praeter
1167 853 1550 929 „Augustae“
1593 852 1797 923 etiam,
1863 860 1929 910 ut
1973 853 2209 930 saepius
2253 851 2418 923 fecit,
2463 849 2738 923 „Juliae“
2785 866 2918 927 cog-

572 956 791 995 nomen
858 937 1156 1015 imposuit,
1204 939 1347 1015 quia
1391 937 1678 1015 oppidum
1743 946 1924 996 antea
1980 938 2371 1015 municipium
2429 936 2665 998 Julium
2709 935 2935 1007 fuerat,

575 1031 643 1080 ut
686 1022 960 1081 vidimus,

1221 1138 1521 1209 Gallia
1577 1140 2281 1211 Han-bonensis.

677 1279 782 1351 77.
834 1280 1159 1365 Aquae
1231 1279 1637 1345 Sextiae
1693 1311 1759 1335 t:
1820 1285 1991 1345 col.
2051 1281 2312 1364 'Julia
2386 1282 2831 1368 Augusta

1344 1370 1681 1455 Aquae
1732 1369 2157 1434 Sextiae.
2832 1371 2836 1375 ’

705 1496 920 1572 Aquae
966 1493 1230 1566 Sextiae,
1295 1516 1449 1573 quae
1513 1517 1549 1555 a
1594 1495 1871 1556 Massilia
1929 1498 1988 1554 in
2055 1496 2530 1571 septemtrionem
2580 1495 2920 1573 vergebant,

576 1579 740 1657 apud
800 1580 1068 1639 Plinium
1137 1582 1258 1639 2111
1307 1584 1408 1655 36)
1471 1581 1793 1659 „oppidum
1861 1582 2201 1654 Latinum“,
2275 1581 2442 1657 ‘apud
2512 1581 2921 1640 Ptolemaeum

576 1665 665 1740 (II
715 1666 916 1740 10,15)
982 1676 1179 1726 autem
1251 1665 1560 1741 „colonia“
1631 1667 1929 1727 dicuntur.
2040 1668 2114 1726 In
2184 1668 2370 1726 titulis
2437 1665 2719 1745 oppidum
2789 1676 2921 1725 aut:

575 1750 720 1822 ‚‚col.
766 1751 939 1811 Julia
984 1755 1235 1830 Aquae“
1284 1752 1371 1828 (C.
1417 1753 1464 1811 Ι.
1511 1753 1580 1811 L.
1613 1753 1748 1811 XII
1780 1755 1916 1824 705,
1964 1756 2148 1824 4414,
2192 1754 2386 1827 4424)
2431 1762 2537 1811 aut
2576 1752 2722 1824 „col.
2753 1751 2924 1813 Julia

572 1835 855 1913 Augusta
925 1838 1135 1915 Aquae
1201 1837 1471 1898 Sextiae“
1538 1839 1723 1899 audit.
1811 1839 2151 1916 Oppidum,
2221 1859 2381 1898 anno
2436 1839 2550 1898 122
2617 1859 2653 1897 a
2716 1838 2922 1898 Sextio

575 1920 831 1981 Calvino
877 1923 1123 1982 consule
1168 1922 1397 1982 castelli
1442 1923 1572 1983 loco
1619 1923 1927 1984 conditum
1983 1924 2342 2001 (Cassiodor.
2390 1919 2594 1984 chron.
2651 1944 2704 2002 p.
2755 1925 2920 1997 618),

578 2006 656 2065 ab
722 2005 890 2068 Julio
959 2008 1213 2068 Caesare
1279 2010 1370 2067 ius
1439 2009 1602 2068 Latii
1671 2010 1956 2089 accepit2)
2025 2021 2202 2088 atquc
2267 2018 2389 2069 tum
2453 2008 2613 2085 (col.)
2672 2013 2925 2086 „Aquae

576 2091 818 2153 Juliae“
881 2093 965 2168 (in
1013 2093 1211 2165 titulo,
1276 2094 1511 2154 Gruter.
1559 2116 1612 2174 p.
1661 2096 1808 2166 415)
1868 2106 2146 2155 vocatum
2210 2106 2314 2155 est.
2402 2095 2656 2155 Colonia
2699 2095 2922 2154 civium

577 2188 773 2237 autem
821 2179 899 2238 ab
931 2181 1208 2257 Augusto
1254 2189 1406 2239 certe
1449 2190 1582 2254 post-
1627 2201 1856 2238 annum
1893 2183 1988 2253 27,
2034 2180 2287 2241 fortasse
2333 2199 2495 2240 anno
2536 2182 2626 2252 14,
2672 2180 2924 2239 deducta

577 2277 665 2323 est
711 2264 904 2337 (Mon.
954 2266 1174 2342 Ancyr.
1227 2263 1325 2324 III
1375 2267 1481 2336 223
1530 2266 1649 2323 Dio
1695 2268 1928 2345 5423).
2019 2266 2262 2327 Galliae
2318 2267 2473 2324 enim
2520 2266 2735 2325 notitia
2783 2278 2922 2325 ante

578 2370 806 2408 annum
859 2352 933 2409 16
981 2371 1030 2409 a.
1079 2349 1217 2410 Chr.
1254 2371 1318 2409 n.
1351 2351 1685 2429 conscripta
1732 2353 1893 2425 est3),
1940 2351 2281 2419 ubiomnes
2312 2352 2586 2422 Caesaris
2632 2350 2921 2429 coloniae,

578 2435 640 2493 in
676 2435 1060 2495 Narbonensi
1102 2436 1413 2513 provincia
1457 2436 1619 2507 sitae,
1665 2434 1924 2513 „oppida
1954 2437 2215 2496 Latina“
2258 2438 2553 2497 dicuntur.
2616 2436 2921 2515 Oppidum

579 2520 640 2579 in
686 2520 872 2579 titulis
918 2529 1226 2599 propterea
1268 2519 1572 2599 paulisper
1615 2521 1791 2598 modo
1835 2522 1977 2593 „col
2027 2515 2238 2598 Julia“
2283 2544 2351 2596 ac
2405 2542 2526 2581 non
2571 2525 2925 2601 „Augusta“

580 2607 764 2678 audit,
810 2607 953 2685 quia
999 2616 1177 2666 antea
1220 2606 1329 2667 col.
1375 2607 1548 2668 Julia
1592 2606 1811 2680 fuerat,
1871 2609 2029 2686 quod
2094 2609 2155 2667 in
2215 2610 2499 2669 memoria
2543 2609 2922 2669 retinebatur.

579 2692 834 2750 Plenum
878 2691 1165 2751 sollemne
1194 2713 1408 2751 nomen
1457 2692 1638 2770 igitur
1681 2704 1815 2768 post
1846 2695 2105 2772 Augusti
2153 2695 2569 2754 deductionem
2617 2705 2766 2754 erat:
2814 2692 2922 2755 col.

576 2776 746 2838 Julia
792 2778 1068 2855 Augusta
1115 2779 1329 2857 Aquae
1373 2778 1630 2839 Sextiae.

667 2912 772 2984 78.
841 2912 1375 2978 Nemausus
1424 2942 1501 2970 =
1555 2917 1726 2980 col.
1779 2916 2232 3002 Augusta
2280 2914 2832 2978 Nemausus.

704 3039 1063 3110 NemausuS,
1096 3059 1265 3118 quae,
1300 3039 1375 3100 ab
1399 3040 1645 3099 Arelate
1678 3041 1738 3099 in
1771 3040 2140 3100 occidentem
2182 3061 2405 3112 versus,
2443 3041 2921 3100 Arecomicorum

577 3123 639 3182 in
687 3125 981 3183 territorio
1026 3126 1143 3183 sita
1188 3135 1331 3197 erat,
1379 3125 1541 3204 apud
1585 3126 1851 3185 Plinium
1898 3126 2017 3202 (III
2069 3129 2170 3205 37)
2220 3124 2541 3204 „oppidum
2601 3126 2925 3185 Latinum“

576 3219 634 3268 et
666 3209 827 3287 apud
860 3209 1268 3284 Ptolemaeum
1303 3211 1391 3287 (ΙΙ
1422 3212 1624 3285 10,10)
1658 3211 1976 3283 ,‚colonia‘·'
2010 3211 2241 3272 dicitur.
2302 3213 2619 3289 Augustus
2652 3230 2810 3270 anno
2850 3212 2923 3269 16

578 3315 630 3353 a.
678 3295 815 3354 Chr.
864 3316 916 3353 n.
965 3295 1336 3378 Nemausum
1386 3294 1680 3356 coloniam
1732 3297 2050 3356 deduxisse
2095 3298 2359 3370 videtur,
2404 3299 2497 3358 cui
2543 3291 2927 3374 ,‚Augustae‘'²

579 3400 913 3458 cognomen
982 3381 1267 3459 imposuit
1335 3381 1424 3449 (C.
1470 3382 1518 3442 I.
1565 3382 1634 3441 L.
1694 3383 1829 3442 XII
1876 3384 2081 3460 5891).
2171 3384 2247 3442 In
2316 3383 2486 3442 titulo
2552 3383 2924 3442 Nemausino

577 3466 731 3524 enim
782 3466 842 3541 (l.
889 3487 934 3525 c.
984 3469 1171 3543 3151)
1232 3467 1573 3544 Augustum
1644 3489 1812 3527 anno
1881 3471 1956 3527 16
2020 3468 2294 3529 coloniae
2360 3489 2562 3528 muros
2625 3481 2683 3528 et
2718 3479 2925 3547 -portas

576 3550 811 3611 dedisse
856 3550 1124 3612 refertur.
1216 3551 1483 3631 Volgare
1546 3572 1762 3613 nomen
1826 3553 2030 3633 oppidi
2094 3565 2222 3614 erat
2273 3554 2451 3614 modo
2497 3553 2926 3626 ‚‚NemausuS.“

668 3687 771 3758 79.
829 3688 1454 3773 Apollinaris
1525 3688 1981 3753 Reiorum
2037 3718 2103 3743 :-
2163 3693 2325 3755 col.
2392 3690 2550 3773 Jul.
2621 3691 2833 3771 Aug.

1334 3777 2186 3861 Apoll.Reiorum.
2399 3805 2403 3809 *

709 3901 1086 3980 Apollinaris
1154 3902 1463 3972 Reiorum,
1518 3921 1717 3980 *prope
1784 3902 2144 3963 Druentiam
2213 3905 2356 3976 sita,
2425 3905 2586 3984 apud
2659 3903 2926 3963 Plinium

578 3987 703 4064 (ΙΙΙ
738 3989 842 4064 36)
883 3988 1080 4047 audit:
1126 3987 1445 4066 „oppidum
1482 3986 1767 4045 Latinum
1807 3988 2072 4049 Alabece
2105 3989 2386 4049 Reiorum
2427 3989 2926 4070 Apollinarium“,

718 4093 759 4180 ἦ
796 4092 1153 4187 ΒθῖΑὴιιςυεῑο
1189 4137 1237 4188 p.
1277 4119 1357 4173 13.
1642 4189 1647 4190 ⁷

718 4191 758 4315 33
794 4189 1021 4323 aa
1537 4205 1587 4254 Ρ·
1625 4189 1709 4241 86·
