3414 5193
1357 495 1438 501 -—
1532 460 1646 519 131
1741 494 1824 504 —

406 637 619 716 posuit,
676 636 778 705 ita,
841 643 909 693 ut
969 631 1253 709 oppidum
1315 631 1591 696 sollemni
1658 634 1902 693 nomine
1960 633 2074 696 sub
2130 633 2454 700 Caracalla
2500 634 2760 695 audiret:

405 721 550 795 „col.
598 718 955 799 Metropolis
1000 718 1423 782 Antoniniana
1479 717 1732 782 Aurelia
1791 718 2286 782 Alexandriana“
2348 720 2652 797 (Mionnet
2695 721 2758 781 V

407 830 461 889 p.
509 806 680 887 597),
767 803 1338 878 „Alexandrianae“
1381 824 1734 882 cognomen,
1781 802 1941 882 quod
1989 805 2051 862 in
2100 826 2222 865 uno
2282 826 2530 866 nummo
2576 805 2759 866 Cara·

409 893 602 954 callae
649 891 959 970 (Mionnet
1002 888 1042 949 l.
1086 911 1132 949 c.
1178 911 1237 950 n.
1286 890 1388 965 24)
1438 890 1707 961 occurrit,
1756 890 2053 968 pertinere
2099 890 2177 949 ad
2224 890 2584 951 Caracallae
2630 892 2757 949 imi-

406 981 691 1040 tationem
740 975 1079 1037 Alexandri
1124 975 1336 1054 Magni
1384 974 1682 1054 Eckhel1)
1718 995 1840 1040 ,suo
1887 976 2014 1035 iure
2061 976 2312 1036 coniecit
2328 998 2340 1047 ;
2376 976 2556 1044 ,alias
2602 976 2757 1036 illud

408 1084 741 1144 cognomen
801 1081 923 1121 non
983 1061 1094 1119 nisi
1152 1060 1229 1121 ab
1276 1059 1630 1120 Alexandro
1677 1060 1897 1120 Severo
1953 1060 2205 1120 coloniis
2262 1062 2602 1141 impositum
2654 1071 2755 1123 est.

403 1148 752 1230 Metropolis
797 1166 1131 1225 cognomen
1178 1145 1400 1225 oppido
1463 1165 1500 1204 a
1545 1145 1630 1205 M.
1679 1147 1927 1206 Aurelio
1987 1146 2198 1206 datum
2245 1156 2347 1218 est,
2413 1147 2570 1226 quod
2621 1158 2754 1226 post

406 1234 786 1298 Caracallam
819 1234 884 1291 in
915 1230 1177 1291 nummis
1221 1251 1408 1315 usque
1440 1230 1517 1294 ad
1562 1230 2048 1309 Tranquillinam
2082 1243 2150 1290 ut
2181 1232 2374 1292 solum
2422 1253 2752 1310 cognomen

408 1321 679 1383 occurrit.

417 1475 558 1538 142.
607 1471 1030 1558 Singara
1080 1500 1156 1527 z:-
1210 1469 1820 1554 Metropolis
1871 1467 2296 1534 Colonia
2346 1471 2761 1535 Aurelia

646 1562 908 1645 Julia
956 1557 1449 1644 Septimia
1496 1557 2043 1624 Severiana
2090 1558 2527 1641 Singara.

535 1687 814 1764 Singara,
883 1705 1035 1762 quae
1103 1683 1471 1744 a'Chabora
1535 1683 1784 1743 flumine
1847 1684 1909 1742 in
1980 1684 2260 1743 orientem
2329 1685 2629 1763 vergebat,
2697 1686 2757 1744 in

407 1773 669 1833 nummis
729 1789 808 1831 ex
857 1769 1211 1830 Alexandro
1265 1790 1453 1847 usque
1513 1768 1591 1828 ad
1636 1768 2013 1829 Gordianum
2063 1769 2318 1842 (Eckhel
2366 1770 2467 1829 III
2512 1791 2566 1848 p.
2616 1773 2757 1843 519,

406 1858 577 1919 Head
623 1859 697 1917 H.
743 1856 821 1918 N.
867 1876 923 1934 p.
973 1858 1121 1934 690)
1170 1855 1367 1914 audit:
1439 1854 1733 1928 „Aurelia
1778 1854 2067 1932 Septimia
2127 1855 2235 1914 col.
2283 1854 2578 1932 Singara“
2627 1856 2757 1920 vel:

405 1943 783 2018 »Metropolis
829 1941 937 2002 col.
971 1939 1221 2000 Aurelia
1252 1939 1541 2018 Septimia
1586 1940 1916 1999 Severiana
1947 1940 2235 2018 Singara«
2268 1940 2362 2000 vel
2395 1941 2459 1999 in
2496 1943 2756 2002 nummis

405 2030 695 2107 Philippi:
764 2027 965 2088 »Julia
1011 2026 1301 2105 Septimia
1352 2024 1461 2084 col.
1509 2025 1815 2103 Singara«
1911 2026 1994 2086 M.
2044 2025 2327 2085 Aurelius
2376 2026 2555 2104 igitur
2599 2047 2755 2086 anno

403 2116 526 2176 fere
577 2118 693 2176 166
755 2113 1075 2191 Singarae,
1144 2113 1282 2170 item
1350 2119 1526 2189 atque
1599 2110 1798 2171 Carris
1862 2120 1919 2170 et
1963 2111 2260 2189 Edessae,
2329 2111 2602 2176 coloniae
2660 2114 2753 2172 ius

405 2211 584 2281 atque
613 2197 957 2260 »Aureliae«
1001 2217 1331 2274 cognomen
1364 2196 1554 2266 dedit;
1603 2196 1928 2275 Septimius
1961 2206 2175 2269 autem,
2222 2198 2321 2275 qui
2363 2199 2522 2255 intra
2560 2218 2754 2258 annos

407 2287 739 2348 195—198
786 2293 996 2346 contra
1040 2283 1294 2341 Parthos
1341 2281 1562 2342 bellum
1595 2283 1790 2360 gessit,
1838 2281 2090 2342 fortasse
2136 2303 2294 2342 anno
2343 2285 2478 2355 198,
2512 2284 2754 2343 Parthis

403 2373 575 2433 victis
637 2370 897 2430 colonias
945 2368 1411 2444 Mesopotamiae
1473 2367 1672 2426 denuo
1729 2368 1987 2427 instituit
2031 2377 2210 2446 atque
2253 2368 2528 2428 firmavit.
2617 2371 2755 2448 Quo

405 2471 665 2535 tempore
719 2455 977 2533 Singara
1039 2463 1216 2533 atque
1260 2453 1493 2513 Nisibis
1540 2453 1925 2532 »Septimiae«
1989 2474 2320 2532 cognomen
2383 2465 2754 2534 acceperunt.

403 2543 724 2622 Philippus
785 2540 988 2603 Arabs
1052 2549 1267 2612 autem,
1334 2540 1435 2619 qui
1501 2560 1664 2600 anno
1713 2541 1835 2598 244
1899 2559 2030 2600 cum
2078 2540 2273 2600 Persis
2332 2560 2541 2619 pacem
2597 2540 2753 2614 fecit,

403 2629 691 2700 coloniae,
757 2627 1007 2687 fortasse
1068 2626 1381 2705 privilegio
1442 2635 1666 2697 auctae,
1735 2625 2025 2686 »Juliam«
2080 2645 2405 2704 cognomen
2456 2628 2754 2707 imposuit.

412 2799 1058 2863 143.Edessa=
1097 2798 1250 2862 eol.
1288 2795 2079 2859 MarciaAurelia
2114 2797 2754 2861 Antoniniana
2861 2872 2867 2879 ⁴

964 2886 1506 2971 Opelliana
1558 2884 2203 2961 Macriniana.

531 3012 778 3084 Edessa,
841 3021 1010 3071 vetus
1071 3019 1252 3088 caput
1296 3009 1609 3080 Osroenes,
1672 3010 1735 3067 in
1784 3009 2095 3069 Commodi
2151 3011 2412 3069 nummis
2461 3010 2756 3085 (Mionnet

405 3100 573 3159 VIII
617 3119 674 3177 p.
723 3099 870 3174 399)
916 3096 1111 3156 audit:
1181 3095 1319 3155 »col
1366 3094 1598 3155 Marcia
1643 3095 1929 3167 Edessa«;
1987 3096 2050 3154 in
2097 3095 2444 3156 Caracallae
2488 3098 2752 3155 nummis

404 3195 631 3244 autem:
714 3183 979 3242 »Marcia
1045 3180 1296 3241 Aurelia
1364 3180 1789 3240 Antoniniana
1867 3180 1976 3240 col.
2048 3181 2304 3239 Edessa«
2384 3183 2479 3241 vel
2544 3183 2749 3241 modo:

339 3290 346 3297 ·
402 3270 662 3336 »Marcia
723 3268 976 3328 Aurelia
1040 3303 1114 3311 -
1187 3293 1292 3320 —«
1355 3265 1450 3325 vel
1520 3265 1785 3326 ”Marcia
1846 3267 2269 3325 Antoniniana
2332 3302 2407 3310 —-
2460 3294 2586 3337 ——«‚
2657 3267 2752 3327 vel

402 3356 662 3433 saepius:
709 3354 853 3414 »col.
887 3354 1120 3413 Marcia
1150 3352 1405 3412 Edessa«
1449 3352 1753 3430 reperitur.
1844 3352 1926 3411 M.
1961 3351 2244 3411 Aurelius
2278 3353 2456 3429 igitur
2488 3352 2753 3412 Edessae

402 3461 564 3499 anno
633 3443 748 3501 166
814 3440 1083 3499 coloniae
1149 3439 1240 3497 ius
1306 3438 1497 3510 dedit,
1567 3439 1704 3496 item
1785 3448 1962 3514 atque
2041 3437 2242 3497 Carris
2306 3447 2363 3496 et
2423 3436 2750 3514 Singarae;

402 3525 618 3604 quibus
678 3526 868 3585 tribus
914 3524 1165 3585 coloniis
1213 3524 1549 3601 imperator,
1620 3522 1779 3582 bello
1825 3523 2103 3590 Parthico
2149 3522 2442 3598 confect0‚
2513 3523 2750 3601 Syriam

402 3622 458 3671 et
519 3611 1000 3690 Mesopotaniam
1066 3608 1386 3670 defendere
1450 3608 1527 3668 ab
1592 3607 1863 3667 hostibus
1929 3607 2131 3667 voluit.
2244 3611 2301 3667 A
2360 3608 2441 3667 M.
2506 3609 2750 3669 Aurelio

402 3699 637 3757 colonia
682 3697 870 3756 solum
920 3715 1248 3775 cognomen
1296 3695 1622 3753 »Marciae«
1669 3694 1964 3771 accepisse
2006 3693 2259 3770 videtur,
2328 3693 2546 3772 quippe
2591 3695 2753 3772 quod

400 3783 521 3842 fere
575 3785 634 3841 in
693 3782 970 3841 omnibus
1026 3781 1303 3852 nummis,
1372 3780 1588 3860 partim
1635 3779 1845 3852 solum,
1913 3779 2127 3853 partim
2174 3789 2407 3856 praeter
2450 3779 2573 3839 alia
2618 3801 2751 3861 cog-

400 3870 650 3927 nomina
694 3876 979 3927 occurrat.
1067 3865 1387 3926 Caracalla
1433 3874 1632 3924 autem
1680 3864 1841 3923 intra
1886 3885 2078 3924 annos
2106 3862 2446 3923 216—217
2482 3864 2752 3926 coloniae

402 3953 762 4032 cognomina
806 3951 1123 4012 »Aureliae
1170 3951 1650 4011 Antoninianae«
1696 3950 1978 4029 imposuit
2023 3959 2199 4029 atque
2247 3951 2555 4010 Macrinus
2589 3972 2749 4010 anno

403 4040 680 4116 2177‘218
728 4040 1091 4117 cognomina
1135 4036 1540 4115 »Metropolim
1575 4035 1963 4114 Opellianam
1999 4034 2469 4096 Macrinianam«
2516 4036 2749 4107 adiecit,

402 4145 553 4202 quae
597 4134 832 4184 tantum
881 4125 942 4182 in
984 4122 1146 4181 illius
1176 4122 1544 4202 imperatoris
1578 4123 1839 4181 nummis
1868 4123 2277 4181 inveniuntur.
2368 4121 2495 4181 Sub
2529 4121 2748 4182 Severo

543 4328 578 4391 ¹)
616 4327 684 4377 D.
722 4327 789 4377 N.
831 4344 877 4392 p.
917 4326 1017 4378 506
1053 4343 1129 4391 sq.
