3414 5193
1526 514 1593 520 ——
1695 481 1813 538 140
1904 515 1977 520 --

739 771 1381 866 Opelliuz
1442 772 2206 847 Maenium&
2264 764 2752 848 217-218.

900 923 971 978 Α.
1027 922 1348 992 Coloniae,
1388 937 1552 993 quae
1592 938 1671 979 ex
1712 923 1995 979 Macrino
2033 923 2397 980 nominatae
2437 925 2606 979 sunt.

700 1076 947 1149 Edessa,
992 1075 1101 1138 col.
1147 1076 1379 1137 Marcia
1415 1073 1670 1136 Aurelia
1720 1077 2158 1149 Antoniniana,
2206 1096 2243 1136 a
2279 1074 2562 1138 Macrino
2605 1076 2925 1155 privilegio

572 1170 750 1221 aucta
793 1182 919 1221 esse
981 1162 1233 1234 videtur,
1297 1182 1432 1222 cum
1491 1163 1554 1221 in
1614 1162 1876 1222 nummis
1930 1161 2095 1221 illius
2140 1163 2513 1238 imperatoris
2560 1163 2925 1240 cognomina

571 1246 936 1325 „Opelliana
982 1247 1396 1308 Macriniana“
1438 1256 1756 1308 occurrant
1800 1248 2101 1325 (Mionnet
2143 1247 2309 1307 VIII
2354 1269 2414 1326 p.
2462 1251 2586 1308 399
2634 1250 2744 1326 sq.)

1418 1418 1486 1476 B.
1544 1418 1775 1476 Cetera
1814 1419 2068 1489 oppida,

841 1504 1005 1559 qnae
1045 1505 1124 1547 ex
1164 1491 1449 1548 Macrino
1488 1491 1814 1546 nominata
1852 1504 1967 1546 seu
2006 1491 2458 1561 cognominata
2498 1492 2665 1547 sunt.

1564 1649 1927 1754 cilicia.

583 1792 724 1856 180.
775 1791 1380 1877 Macrinopolis
1416 1792 1805 1879 :Aegae
1854 1790 2279 1854 Hadriana
2328 1790 2924 1859 Commodiana

811 1879 1269 1945 Severiana
1321 1882 1872 1945 Antoniniana
1923 1879 2675 1965 Alexandropolis.

702 2007 910 2084 Aegae
953 1994 1257 2086 oppidum,
1302 2007 1363 2065 in
1409 2008 1548 2066 sinu
1592 2006 1777 2065 Issico
1823 2006 2019 2077 situm,
2067 2004 2186 2063 iam
2237 2004 2313 2064 ab
2360 2005 2696 2078 Hadriano,
2744 2006 2922 2066 Com-

575 2091 767 2164 modo,
821 2091 1125 2169 Septimio,
1171 2092 1490 2152 Caracalla
1532 2090 1912 2170 cognomina:
1982 2089 2385 2164 „Hadrianae,
2431 2091 2922 2165 Commodianae,

575 2177 951 2249 Severianae,
1019 2179 1516 2237 Antoninianae“
1573 2186 1895 2256 acceperat.
1990 2176 2299 2236 Macrinus
2356 2192 2553 2236 autem
2608 2176 2922 2255 oppidum,

574 2263 733 2341 quod
804 2261 1058 2322 fortasse
1130 2262 1428 2323 beneficiis
1495 2262 1761 2334 donavit,
1829 2261 2366 2339 „Macrinopolim“
2432 2264 2687 2335 vocavit,
2763 2261 2922 2340 quod

574 2368 796 2408 nomen
853 2348 915 2406 in
970 2349 1236 2407 nummis
1290 2347 1453 2407 illius
1507 2357 1565 2408 et
1609 2348 2086 2407 Diadumeniani
2143 2354 2202 2405 et
2249 2348 2581 2407 Alexandri
2631 2348 2926 2424 (Mionnet

576 2433 679 2493 III
721 2455 778 2512 p.
825 2435 946 2493 542
994 2434 1101 2512 sq.)
1148 2434 1417 2493 occurrit.
1507 2434 1726 2493 Postea
1771 2432 2123 2492 Alexander
2154 2430 2407 2493 Severus
2454 2432 2744 2493 sollemne
2790 2453 2925 2511 cog-

575 2538 792 2578 nomen
840 2518 1417 2599 „Alexandropolis“
1480 2518 1713 2590 adiecit,
1780 2518 1939 2596 quod
2009 2526 2244 2578 tantum
2307 2520 2369 2577 in
2435 2519 2596 2578 illius
2659 2519 2926 2577 nummis

574 2605 877 2683 reperitur,
941 2626 1076 2665 cum
1130 2605 1532 2677 „Severiana“
1594 2615 1651 2665 et
1693 2604 2094 2677 ‚‚Hadriana“
2160 2607 2521 2684 cognomina
2576 2606 2754 2665 etiam
2814 2604 2926 2664 sub

576 2690 906 2751 Gordianis
952 2700 1277 2751 occurrant.

705 2874 1016 2934 Macrinus
1079 2884 1383 2953 praeterea
1442 2874 1697 2933 Adanae
1761 2884 1819 2933 et
1871 2874 2076 2946 TarSO,
2144 2895 2298 2952 quae
2358 2873 2612 2933 fortasse
2675 2872 2753 2932 ab
2814 2873 2920 2932 illo

574 2959 887 3039 privilegia
959 2975 1325 3035 acceperant,
1398 2959 1889 3033 „Macrinianae“
1962 2980 2294 3037 cognomen
2371 2959 2683 3037 imposuit,
2759 2958 2922 3036 quod

575 3054 805 3104 tantum
866 3045 971 3104 illo
1032 3046 1365 3123 imperante
1418 3047 1478 3103 in
1536 3046 1799 3105 nummis
1861 3046 2113 3104 occurrit
2167 3045 2376 3126 (Head
2424 3045 2507 3104 H.
2554 3044 2630 3104 N.
2676 3065 2731 3122 p.
2781 3046 2922 3116 598,

579 3133 731 3202 617;
776 3130 1056 3191 Mionnet
1099 3132 1198 3191 III
1240 3153 1280 3210 p
1347 3133 1509 3208 631).

920 3360 1643 3435 Aureliae
1706 3360 2587 3441 Antoninuz

777 3485 1688 3575 E1agabalue
1747 3485 2125 3558 Pius
2187 3476 2360 3558 2153
2399 3477 2694 3558 -222,

1543 3638 1612 3694 Α.
1653 3636 1976 3704 Coloniae,

808 3740 971 3795 quac
1012 3740 1091 3782 ex
1133 3726 1481 3797 Elagabalo
1520 3724 1852 3782 sollemnia
1892 3725 2270 3795 cognomina
2311 3725 2714 3794 acceperunt.

1615 3883 1933 3971 syn-ia.

668 4029 809 4100 157.
859 4027 1159 4091 Sidon
1210 4058 1288 4084 :2
1339 4017 1511 4090 col.
1565 4026 1981 4178 {ugelia
2032 4026 2200 4088 Pia
2249 4025 2854 4110 Metropolis

1587 4159 1604 4176 .
1662 4139 1679 4177 1
1783 4137 1912 4178 on.

707 4241 914 4313 Sidon,
961 4240 1101 4319 Tyri
1148 4239 1388 4301 aemula
1432 4241 1589 4313 urbs,
1639 4240 1716 4299 ab
1764 4240 2123 4315 ElagabaIO.
2171 4241 2269 4317 qui
2317 4239 2475 4316 Tyro
2524 4240 2793 4299 coloniae
2838 4238 2932 4299 ius

578 4328 900 4397 ademerat,
972 4338 1036 4384 ut
1097 4326 1272 4386 modo
1334 4327 1619 4395 vidimus,
1681 4346 1788 4403 pro
1853 4326 1958 4384 illa
2016 4325 2163 4383 urbe
2226 4324 2498 4383 coloniae
2567 4326 2927 4402 dignitatem
