3414 5193
1486 510 1899 568 ..61-

514 683 849 743 Numidica
893 682 1239 744 Simitthus“
1284 683 1342 740 in
1390 703 1513 742 uno
1556 681 1732 741 titulo
1784 680 1846 754 (l.
1876 701 1927 743 c.
1967 683 2195 758 14612)
2226 681 2493 741 occurrit.
2542 680 2867 760 Oppidum,

520 790 652 829 cum
703 768 863 844 apud
906 768 1170 828 Plinium
1219 767 1461 828 colonia
1516 787 1635 826 non
1692 767 1952 839 dicatur,
2014 768 2325 845 postremis
2386 768 2646 844 Augusti
2692 767 2868 827 annis

521 855 756 915 colonia
799 874 926 914 esse
970 853 1136 914 facta
1179 853 1445 932 videtur;
1500 853 1808 932 Agrippae
1865 863 1923 911 et
1973 853 2237 930 Augusti
2297 851 2568 912 laterculi
2624 852 2870 912 Africae

522 941 681 1000 enim
727 949 865 1019 post
908 960 1139 999 annum
1186 941 1264 999 25
1312 939 1632 1015 conscripti
1677 939 1896 998 suntl.
1987 937 2140 998 Cum
2194 937 2338 998 fere¹
2370 957 2576 997 omnes
2623 937 2871 998 Africae

524 1035 582 1086 et
641 1025 1059 1086 Mauretaniae
1120 1025 1394 1085 coloniae
1453 1033 1685 1103 praeter
1741 1025 2127 1101 „Augustae“
2191 1024 2371 1083 etiam
2414 1023 2695 1102 „Juliae“
2738 1043 2870 1101 cog-

522 1132 742 1171 nomen
774 1112 1130 1189 acceperint‚
1162 1109 1306 1170 illae
1329 1108 1584 1171 fortasse
1615 1118 1796 1169 antea
1824 1109 2192 1188 „municipia
2223 1110 2266 1171 J
2269 1109 2430 1168 ulia“
2460 1129 2564 1169 seu
2596 1108 2869 1169 Caesaris

524 1218 628 1257 seu
675 1197 998 1258 Octaviani
1042 1195 1300 1256 fuerant.

1001 1447 1608 1517 Mauretania
1661 1445 2388 1517 Caesariensis.

615 1592 723 1673 94.
797 1589 1156 1665 Saldae
1206 1617 1283 1645 =
1335 1592 1505 1653 col.
1556 1588 1816 1671 Julia
1886 1587 2336 1674 Augusta
2394 1584 2781 1667 Saldae.

660 1715 880 1777 Saldae
923 1714 1231 1791 oppidum,
1286 1715 1345 1773 in
1393 1715 1576 1774 maris
1638 1733 1743 1773 ora
1787 1714 1992 1786 situm,
2056 1713 2215 1788 apud
2272 1712 2538 1772 Plinium
2600 1710 2689 1794 (V
2737 1712 2871 1793 20):

520 1801 803 1876 „colonia
847 1802 1163 1879 Augusti“,
1210 1800 1373 1879 apud
1418 1799 1826 1859 Ptolemaeum
1876 1799 1993 1873 (IV
2037 1800 2183 1877 2,9)‚
2227 1799 2291 1857 in
2336 1798 2638 1858 itinerario
2684 1800 2874 1858 Anto·

535 1887 667 1947 nini
713 1890 789 1962 (p.
840 1889 955 1965 16),
1000 1887 1063 1945 in
1108 1885 1318 1946 tabula
1347 1885 1811 1964 Peutingeriana
1842 1885 1979 1944 item
2013 1883 2252 1944 colonia
2291 1883 2521 1944 dicitur.
2568 1883 2875 1944 Sollemne

528 1993 755 2032 nomen
824 1973 1095 2033 coloniae
1157 1981 1356 2032 autem
1418 1973 1479 2035 in
1541 1970 1731 2030 tribus
1798 1970 1985 2030 titulis
2047 1969 2298 2029 occurrit
2358 1968 2447 2043 (C.
2492 1969 2524 2028 Ι
2591 1969 2663 2028 L.
2710 1969 2875 2030 VIII

534 2060 719 2131 8929,
767 2059 950 2131 8931,
998 2059 1206 2136 8933),
1253 2057 1356 2117 ubi
1402 2056 1643 2135 legitur:
1688 2055 1834 2128 ,‚col.
1878 2055 2006 2117 Jul.
2053 2055 2211 2133 Aug.
2258 2053 2424 2115 Sald.
2471 2055 2602 2114 VII
2649 2053 2874 2116 Immu-

530 2145 681 2203 niS.“
768 2146 1082 2222 Augustus
1127 2144 1311 2222 igitur
1352 2141 1604 2202 fortasse
1649 2143 1809 2201 intra
1863 2161 2055 2201 annos
2104 2142 2353 2200 27-12
2418 2139 2640 2200 Saldas
2686 2140 2877 2219 Septi·

535 2249 851 2289 manorum
917 2229 1218 2289 coloniam
1282 2228 1553 2301 deduxit,
1623 2228 1717 2287 cui
1790 2227 2034 2303 ‚,Juliae
2100 2226 2448 2304 Augustae¹‘
2513 2227 2876 2304 cognomina

527 2316 822 2391 imposuit.

538 2450 641 2516 95.
702 2451 1198 2536 Tupusuctu
1251 2477 1323 2505 --·
1389 2451 1533 2514 col.
1606 2449 1831 2532 Julia
1898 2448 2277 2530 Augusta
2346 2446 2873 2531 Tupusuctu.

658 2575 1038 2656 Tupusuctu,
1099 2595 1253 2655 quae
1306 2595 1342 2635 a
1386 2573 1585 2636 Saldis
1629 2573 1811 2650 paulo
1864 2574 1924 2633 in
1981 2571 2284 2633 meridiem
2348 2569 2655 2650 vergebat,
2714 2569 2877 2649 apud

535 2661 801 2721 Plinium
849 2662 935 2736 (V
983 2663 1087 2739 21)
1133 2661 1325 2722 audit:
1394 2660 1537 2733 ,‚col.
1586 2662 1892 2737 Augusta,
1945 2680 2101 2737 quae
2161 2658 2547 2734 Tupusuctu“
2592 2666 2769 2734 atque
2812 2657 2875 2714 in

528 2746 707 2807 titulo
766 2747 1022 2822 optimae
1077 2747 1288 2807 aetatis
1349 2746 1438 2821 (C.
1484 2746 1531 2805 Ι.
1575 2746 1645 2806 L.
1694 2745 1864 2805 VIII
1910 2747 2135 2814 8837):
2200 2744 2347 2817 ,‚col.
2394 2742 2521 2805 Jul.
2567 2744 2724 2820 Aug.
2767 2741 2877 2820 leg.

532 2832 667 2894 VII
719 2832 1130 2908 Tupusuctu.“
1213 2832 1638 2910 „Tupusuctu“
1694 2830 1892 2891 forma
1951 2830 2112 2905 apud
2171 2850 2377 2889 omnes
2440 2827 2879 2906 chorographos

531 2927 593 2978 et
649 2918 714 2976 in
774 2917 1088 2978 nonnullis
1155 2918 1340 2977 titulis
1407 2924 1531 2998 (utz
1576 2918 1611 2977 l.
1665 2937 1713 2977 c.
1762 2918 1956 2997 8836>
2020 2915 2295 2987 occurrit,
2361 2915 2445 2975 ita
2508 2923 2575 2974 ut
2627 2922 2881 2991 utraque

535 3003 732 3064 forma
777 3005 1000 3064 usitata
1043 3003 1229 3063 fuisse
1259 3003 1549 3063 videatur.
1636 3002 2009 3081 Tupusuctu,
2057 3002 2197 3060 item
2231 3012 2409 3079 atque
2438 3000 2677 3072 Saldae,
2722 2998 2882 3057 intra

530 3110 722 3149 annos
768 3091 1017 3150 27—12
1065 3087 1543 3168 Septimanorum
1591 3087 1830 3149 colonia
1873 3086 2037 3147 facta
2079 3098 2182 3147 est.

580 3263 683 3325 96.
757 3262 1192 3326 Zuccabar
1240 3289 1317 3317 :2
1370 3243 1519 3325 col.
1593 3260 1871 3343 (Julia)
1943 3259 2322 3341 Augusta
2392 3256 2832 3322 Zuccabar.

663 3388 987 3460 Zuccabar,
1033 3408 1204 3466 quae,
1251 3386 1326 3445 ab
1370 3387 1516 3446 ostio
1547 3385 1813 3444 fluminis
1846 3383 2211 3459 Chinalaphi
2246 3384 2305 3442 in
2339 3383 2621 3442 orientem
2656 3401 2880 3452 versus,

534 3474 699 3533 intra
764 3472 1149 3548 Caesaream,
1220 3471 1509 3544 Icosium,
1538 3508 1541 3510 -
1572 3470 1956 3531 Manlianum
2026 3469 2250 3549 oppida
2311 3469 2427 3528 sita
2493 3477 2644 3539 erat,
2721 3466 2882 3541 apud

534 3558 801 3619 Plinium
853 3559 939 3637 <V
986 3561 1119 3636 21):
1165 3557 1441 3631 „colonia
1486 3558 1793 3636 Augusta,
1849 3575 2003 3636 quae
2056 3556 2196 3614 item
2255 3553 2663 3625 Succhabar“,
2720 3551 2882 3630 apud

427 3668 435 3675 ·
535 3644 944 3705 Ptolemaeum
1013 3644 1133 3719 (IV
1196 3644 1360 3719 225)
1432 3642 1887 3715 „Zuchabarri“,
1969 3640 2129 3716 apud
2191 3640 2583 3700 Ammianum
2662 3639 2882 3716 (29,5):

539 3730 863 3810 „oppidum
911 3730 1502 3809 Sugabarritanum“,
1548 3730 1610 3787 in
1657 3728 1860 3807 aliquo
1905 3728 2077 3786 titulo
2125 3725 2211 3803 (C.
2262 3725 2300 3786 l.
2346 3725 2417 3784 L.
2449 3723 2618 3786 VIII
2654 3724 2882 3798 10450)

539 3815 944 3894 ,‚Zuccabar“,
975 3824 1239 3887 vocatur,
1271 3835 1425 3893 quae
1454 3815 1637 3893 igitur
1679 3822 1844 3874 recta
1870 3812 2068 3873 forma
2098 3811 2359 3871 nominis
2390 3819 2494 3870 est.
2553 3812 2883 3887 AugustuS,

538 3903 639 3986 qui
688 3901 985 3961 coloniam
1050 3902 1212 3960 intra
1256 3920 1446 3961 annos
1513 3903 1762 3960 27-12
1822 3899 2096 3970 deduxit,
2159 3897 2250 3957 illi
2296 3905 2451 3957 certe
2494 3894 2886 3973 „Augustae“

541 4007 893 4066 cognomen,
939 3986 1098 4065 quod
1130 3986 1370 4046 Plinius
1403 3985 1671 4058 exhibet,
1719 3985 2016 4064 imposuit.
2105 3983 2288 4043 Haud
2318 3983 2441 4042 scio
2472 4002 2550 4040 an
2583 3980 2886 4060 oppidum,

537 4082 607 4132 ut
636 4081 863 4132 ceterae
893 4072 1315 4132 Mauretaniae
1344 4071 1615 4132 coloniae
1646 4071 1926 4150 Augusti,
1962 4070 2041 4149 „J
2043 4068 2237 4129 uliae“
2270 4087 2506 4147 quoque
2550 4085 2884 4144 cognomen

539 4158 618 4218 ab
664 4159 941 4237 Augusto
985 4158 1290 4237 acceperit,
1336 4158 1444 4217 etsi
1488 4157 1643 4217 illud
1689 4157 1752 4215 in
1799 4155 1987 4215 titulis
2033 4176 2155 4215 non
2203 4154 2505 4229 reperitur.

676 4363 717 4427 1)
753 4362 813 4417 Ο.
851 4363 1037 4428 Cuntz,
1075 4362 1156 4415 De
1192 4362 1438 4429 Augusto
1477 4377 1528 4429 p.
1565 4362 1648 4414 45.
