3414 5193
1424 437 1833 495 ...89-

1226 705 1229 710 ’
1256 688 1619 773 Tertium
1687 691 1981 795 Caput.

456 859 968 963 Coloniae
1044 871 1155 963 et
1226 870 1584 962 cetera
1657 859 2081 991 oppida,
2129 906 2307 972 quae
2362 906 2457 955 ex
2502 890 2805 974 impera-

451 1015 750 1100 toribus,
779 1015 941 1097 post
961 1012 1358 1096 Augustum
1390 1030 1616 1095 usque
1641 1011 1728 1078 ad
1760 1001 2303 1078 Constantinum
2326 1010 2808 1093 regnantibuS,

927 1115 1216 1182 nomina
1261 1118 1371 1183 vel
1420 1116 1841 1200 cognomina
1887 1114 2331 1196 acceperunt.

1057 1238 1193 1338 14
1227 1272 1329 1371 p.
1372 1238 1622 1338 chr.
1653 1224 1766 1337 n.
1808 1301 1940 1311 -
1979 1236 2220 1335 337.

775 1429 1822 1506 ‘Tiberine
1908 1427 2451 1503 :Ae—3¹7

1200 1572 1255 1630 p.
1302 1550 1437 1611 Chr.
1486 1572 1541 1611 n.
1591 1548 2067 1628 (Germanicus).

1404 1687 1474 1751 Α.
1524 1685 1878 1753 Coloniae.

905 1788 1007 1855 De
1053 1787 1327 1855 Tiberii
1371 1790 1686 1856 coloniis*
1717 1787 1905 1854 nihil
1947 1785 2196 1851 notum
2243 1784 2367 1850 est.

1293 1927 1368 1992 B.
1416 1925 1666 1993 Cetera
1711 1924 1995 2009 oppida,

604 2047 782 2110 quae
829 2047 923 2095 ex
967 2028 1259 2095 Tiberio
1304 2046 1565 2095 nomen
1612 2029 1727 2095 vcl
1772 2046 2167 2110 cognomen
2210 2025 2650 2109 acceperunt.

1120 2201 1633 2274 Ger-mania
1688 2202 2139 2272 infer-im·-

867 2344 972 2407 99.
1046 2344 1688 2408 Tiberiacum
1742 2373 1815 2400 ε
1870 2343 2409 2430 Bergheim.

585 2468 659 2527 In
705 2469 1012 2528 itinerario
1056 2467 1359 2528 Antonini
1415 2473 1491 2546 (p.
1539 2471 1685 2546 375)
1740 2470 1894 2529 inter
1946 2469 2243 2529 coloniam
2297 2468 2697 2546 Agrippinam
2750 2475 2808 2525 et

454 2552 762 2616 Juliacum
809 2563 1308 2615 commemoratur
1348 2554 1761 2625 Tiberiacum,
1818 2555 1980 2634 quod
2025 2554 2153 2615 sine
2206 2553 2392 2614 dubio
2438 2573 2513 2613 ex
2557 2551 2803 2613 Tiberio

452 2640 832 2700 nominatum
878 2650 989 2712 est,
1062 2641 1165 2700 sed
1210 2661 1326 2719 quo
1382 2651 1671 2719 tempore,
1739 2662 1861 2701 non
1927 2650 2179 2700 constat.
2271 2639 2463 2699 Haud
2530 2640 2652 2699 scio
2722 2658 2801 2698 an

454 2724 739 2804 oppidum
793 2726 913 2785 iam
971 2727 1249 2804 Augusto
1312 2727 1640 2801 imperante
1686 2726 1847 2786 intra
1904 2746 2095 2785 annos
2158 2729 2193 2785 9
2243 2746 2293 2785 a.
2342 2726 2481 2786 Chr.
2527 2746 2586 2784 n.
2638 2760 2716 2769 -
2771 2726 2807 2783 5

452 2831 509 2890 p.
555 2810 692 2871 Chr.
737 2832 796 2870 n.
842 2831 878 2871 a
921 2811 1181 2883 Tiberio,
1226 2812 1329 2890 qui
1374 2821 1498 2870 tum
1547 2812 1868 2872 Germanis
1923 2812 2149 2871 bellum
2206 2811 2435 2883 intulit,
2493 2810 2805 2870 conditum

452 2895 552 2967 sit;
618 2917 838 2956 nomen
903 2906 1057 2957 certe
1123 2897 1300 2956 etiam
1369 2898 1541 2956 tertio
1608 2895 1850 2956 saeculo
1919 2897 2163 2975 volgare
2237 2904 2385 2968 erat,
2465 2896 2573 2955 etsi
2644 2895 2805 2970 apud

454 2990 724 3042 auctores
768 3002 1069 3061 nusquam
1114 2983 1385 3042 occurrit.
1472 2982 1850 3042 Tiberiacum
1882 2981 2134 3042 fortasse
2179 3001 2299 3041 non
2333 2981 2622 3060 oppidum
2660 2990 2805 3053 erat,

451 3067 556 3126 sed
601 3067 829 3127 castelli
873 3068 1005 3128 loco
1051 3088 1088 3128 a
1130 3067 1371 3128 Tiberio
1424 3077 1643 3132 contra,
1691 3067 2033 3127 Germanos
2089 3067 2469 3142 aedificatum
2516 3076 2635 3138 est,
2683 3087 2806 3144 qua

452 3151 526 3211 de
570 3172 754 3212 causa
798 3173 921 3212 non
983 3153 1099 3212 nisi
1166 3154 1230 3211 in
1292 3153 1597 3212 itinerario
1646 3152 1941 3213 Antonini
2000 3160 2517 3213 commemoratur.
2608 3151 2804 3211 Hodie

456 3238 745 3317 oppidum
791 3238 960 3298 audit
1001 3238 1408 3317 ‚,Bergheim“.

781 3514 1401 3646 lOO.'Gangra
1450 3588 1526 3616 =
1581 3559 2490 3645 GermanicopoliS.

586 3684 850 3763 Gangm,
895 3704 1081 3764 prope
1127 3683 1358 3763 Halym
1404 3684 1541 3756 sita,
1602 3684 1767 3763 apud
1822 3684 2107 3760 plurimos
2163 3694 2431 3745 auctores
2492 3684 2578 3745 ita
2624 3682 2809 3757 audit,

457 3779 524 3829 ut
567 3770 730 3848 apud
774 3769 1136 3831 Strabonem
1183 3771 1261 3849 (p.
1309 3768 1487 3841 5621,
1543 3769 1923 3830 Athenaeum
1985 3769 2105 3845 (III
2154 3772 2228 3846 7),
2286 3770 2593 3831 Socratem
2652 3769 2808 3847 (hist.

458 3855 642 3916 eccles
691 3856 755 3915 11
799 3856 922 3934 43),
969 3854 1296 3934 Georgium
1341 3853 1627 3931 Cyprium
1674 3857 1923 3932 (1127),
1986 3856 2050 3914 in
2097 3856 2311 3916 notitia
2356 3857 2809 3935 episcopatuum

463 3940 552 4019 (X
609 3942 712 4013 17,
777 3940 910 4001 XII
969 3943 1083 4017 18).
1187 3941 1564 4001 Ptolemaeus
1630 3941 1727 4017 (V·
1763 3943 1893 4018 4‚9)
1962 3950 2160 4001 autem
2226 3942 2288 4000 in
2359 3941 2810 4019 Paphlagoniae

458 4026 814 4106 oppidorum
859 4047 1111 4086 numero
1152 4025 1464 4105 Gangram
1511 4046 1637 4085 non
1685 4026 1873 4099 affert,
1920 4027 2023 4087 sed
2068 4047 2175 4105 pro
2221 4026 2328 4085 illo
2374 4026 2596 4106 oppido
2646 4024 2810 4106 apud

459 4132 594 4172 eum
639 4111 1233 4191 „Germanicopolis·‘
1296 4113 1578 4184 occurrit3
1625 4122 1930 4193 praeterea
1983 4113 2047 4171 in
2106 4111 2383 4172 Novellis
2432 4113 2620 4191 (29‚1)
2667 4111 2809 4190 legi-

462 4219 619 4259 mus:
658 4205 1157 4279 ,,Γερμανικὸπολιο
1194 4202 1226 4268 ἦ
1249 4205 1381 4274 πρὸς
1421 4205 1734 4279 Γάγγραν“
1806 4198 2056 4257 Nummi
2102 4207 2341 4257 exstant
2379 4218 2454 4257 ex
2486 4197 2811 4257 Hadriano

462 4304 649 4363 usque
695 4284 773 4344 ad
819 4282 1204 4345 Caracallam
1252 4282 1458 4361 (Head
1505 4285 1578 4342 H.
1624 4282 1685 4343 N
1732 4305 1786 4362 p.
1834 4285 2002 4363 433),
2048 4283 2110 4342 in
2156 4282 2375 4362 quibus
2422 4283 2812 4344 Germanico-
