3414 5193
1522 463 1989 521 —106—

582 631 1001 712 Vespasianus
1069 635 1251 713 igitur
1304 635 1482 695 Gelae
1542 635 1763 714 oppido
1828 634 2303 713 ‚,Flaviopolim“
2354 653 2572 693 nomen
2627 633 2925 711 imposuit,

583 717 850 779 fortasse·
901 741 1027 780 una
1100 740 1233 780 cum
1308 720 1662 780 deductione
1733 720 2019 780 coloniae.
2107 718 2420 795 Quamdiu
2481 718 2764 795 oppidum
2842 719 2928 778 ita

588 804 896 877 audiverit,
942 826 1052 886 pro
1100 820 1258 866 certo
1304 806 1598 881 explorari
1643 806 1868 885 nequit,
1915 825 2050 865 cum
2095 804 2339 865 Solinus
2392 803 2581 863 Plinii
2624 803 2926 863 laterculis

579 909 722 949 usus
770 892 859 951 sit.

1355 1099 1360 1108 f
1521 1024 1990 1110 Bithynia.

1061 1167 1201 1231 138.
1273 1166 1908 1251 Flaviopolis
1962 1197 2034 1223 ε
2088 1166 2447 1231 Cratia.

710 1291 931 1365 Gratia,
997 1312 1149 1370 quae
1195 1313 1231 1352 a
1275 1292 1657 1370 Glaudiopoli
1707 1293 1767 1349 in
1817 1293 2102 1352 orientem
2146 1291 2454 1369 vergebat,
2512 1291 2576 1350 in
2622 1290 2925 1350 itinerario

583 1377 887 1437 Antonini
955 1382 1029 1452 (p.
1090 1379 1263 1456 200),
1343 1377 1501 1452 apud
1567 1377 1904 1437 Hieroclem
1971 1380 2169 1453 (695),
2245 1376 2571 1455 Georgium
2639 1376 2925 1455 Cyprium

585 1463 750 1539 (264,
820 1465 1032 1539 1398),
1101 1464 1165 1522 in
1234 1464 1459 1522 notitiis
1524 1464 1969 1541 episcopatuum
2041 1464 2125 1540 (X
2187 1465 2335 1534 336,
2402 1462 2570 1521 XIII
2633 1465 2774 1541 196)
2843 1462 2928 1521 ita

584 1547 780 1620 audit,
851 1568 984 1607 cum
1054 1548 1430 1608 Ptolemaeus
1480 1549 1563 1622 (V
1618 1552 1753 1620 1,14
1846 1558 2075 1623 praeter
2139 1548 2397 1609 Gratiam
2468 1548 2645 1607 etiam
2704 1568 2924 1607 nomen

579 1632 1062 1712 ‚,Flaviopolim“
1094 1634 1305 1694 afferat
1348 1645 1405 1694 et
1448 1635 1513 1692 in
1558 1634 1824 1693 nummis
1867 1654 1943 1694 ex
1987 1634 2299 1694 Antonino
2345 1654 2535 1711 usque
2579 1633 2655 1693 ad
2701 1632 2925 1693 Gallie-

579 1739 730 1796 num
799 1719 994 1794 (Head
1055 1719 1141 1778 H.
1202 1719 1283 1781 N.
1335 1741 1394 1799 p.
1462 1720 1611 1796 440)
1677 1719 1963 1795 oppidum
2028 1721 2171 1780 item
2236 1718 2926 1793 ‚,Gratia-Flaviopolis“

584 1812 841 1863 vocetur.
931 1804 1346 1880 Vespasianus
1408 1806 1591 1883 igitur
1656 1805 1896 1865 Gratiae
1954 1825 2286 1884 cognomen
2330 1804 2777 1883 ‚,Flaviopolis“
2818 1806 2925 1862 im-

575 1890 799 1968 posuit,
848 1890 1006 1968 quod
1055 1890 1420 1950 sollemniter
1463 1890 1633 1951 tertio
1680 1890 1919 1951 saeculo
1976 1892 2156 1960 etiam
2213 1900 2446 1969 praeter
2488 1902 2658 1950 vetus
2703 1910 2923 1949 nomen

582 1975 1006 2054 usurpabatur,
1052 1984 1261 2055 postea
1305 1985 1501 2036 autem
1549 1996 1792 2052 prorsus
1819 1976 2135 2036 intercidit.
2209 1975 2668 2055 ,‚,Flaviopolis“
2711 1994 2928 2034 nomen

584 2080 816 2139 semper
882 2061 960 2120 ad
1023 2062 1472 2139 Vespasianum
1530 2063 1826 2140 pertinere
1870 2062 2137 2132 videtur,
2206 2082 2340 2121 cum
2404 2061 2809 2140 Flaviopolim
2871 2068 2928 2120 et

577 2144 865 2206 Thraciae
908 2157 966 2206 et
1009 2146 1259 2207 Ciliciae
1305 2167 1342 2206 a
1386 2148 1766 2227 Vespasiano
1812 2147 2083 2207 conditas
2129 2167 2253 2207 esse
2298 2155 2541 2207 constet.

1599 2361 1914 2446 Lydia.

631 2503 773 2567 139.
846 2501 1564 2588 philadelphia
1612 2529 1692 2559 =
1743 2502 2080 2567 Flavia
2140 2502 2878 2588 philadelphia.

711 2627 1145 2703 Philadelphia,
1191 2648 1343 2706 quae
1389 2649 1424 2688 a
1468 2628 1762 2689 Sardibus
1807 2629 1869 2688 in
1918 2631 2200 2690 orientem
2247 2629 2547 2707 vergebat,
2596 2629 2671 2690 ab
2719 2629 2926 2690 Attalo
3024 2640 3029 2643 ⁴

587 2712 985 2792 Philadelpho
1041 2713 1281 2774 condita
1343 2724 1445 2774 est.
1543 2713 1957 2790 Vespasianus
2023 2737 2126 2775 seu
2187 2715 2570 2774 Domitianus
2638 2715 2924 2794 oppidum

587 2799 919 2877 privilegiis
985 2800 1265 2872 donavit;
1332 2800 1536 2879 itaque
1601 2801 1665 2859 in
1724 2802 1990 2860 nummis
2048 2822 2121 2860 ex
2182 2800 2535 2860 Domitiano
2599 2821 2787 2878 usque
2848 2799 2927 2860 ad

587 2883 985 2944 ValerIanum
1031 2885 1321 2958 „Flavia“
1365 2905 1692 2964 cognomen
1738 2888 2026 2965 reperitur
2082 2885 2273 2964 (Head
2320 2886 2402 2947 H.
2450 2886 2524 2958 N,
2571 2907 2626 2965 p.
2675 2887 2840 2962 552).

1462 3108 1962 3196 Pht-mia.

827 3249 967 3313 140.
1042 3249 1675 3335 Flaviopolis
1729 3277 1806 3305 -τ
1857 3250 2678 3349 Temenothyrae.

709 3375 1187 3452 Temenothyrae
1233 3374 1537 3455 oppidum,
1586 3375 1744 3453 quod
1791 3377 1868 3434 in'
1904 3375 2172 3461 Phrygia
2223 3376 2555 3436 Pacatiana
2599 3378 2798 3456 situm,
2847 3377 2925 3437 ab

583 3460 830 3538 Ancyra
893 3461 956 3518 in
1023 3461 1306 3519 orientem
1374 3471 1431 3519 et
1479 3462 1550 3519 ‘in
1614 3462 1920 3520 meridiem
1994 3461 2302 3540 vergebat,
2381 3463 2465 3521 ita
2531 3462 2702 3541 audit
2764 3463 2926 3541 apud

581 3544 925 3605 Hieroclem
989 3546 1161 3623 (668)
1232 3553 1289 3605 et
1353 3547 1416 3604 in
1483 3547 1705 3606 notitiis
1773 3548 2220 3626 episcopatuum
2277 3547 2333 3624 (I
2381 3548 2529 3619 364,
2576 3547 2738 3607 VIII
2782 3551 2924 3622 415,

580 3630 680 3689 IX
726 3633 888 3704 325).
975 3631 1049 3689 In
1115 3632 1378 3690 nummis
1436 3642 1631 3691 autem
1687 3632 1880 3709 (Head
1936 3634 2009 3692 H.
2056 3633 2130 3692 N.
2176 3654 2236 3712 p.
2301 3635 2446 3711 569)
2509 3634 2790 3712 oppidum
2851 3655 2925 3694 ex

580 3715 894 3775 Hadriano
965 3737 1155 3794 usque
1221 3716 1300 3775 ud
1364 3716 1724 3777 Saloninam
1804 3726 2074 3778 vocatur:
2163 3718 2575 3797 „Flaviopolis
2638 3719 2926 3779 Temeno-

579 3800 839 3877 thyrae“.
928 3801 1342 3876 Vespasianus
1407 3803 1586 3881 igitur
1627 3803 2081 3880 Temenotnyris
2145 3803 2360 3883 oppido
2376 3806 2419 3880 1)
2478 3803 2926 3883 ‚,Flaviopolis“

582 3907 915 3964 cognomen
950 3888 1250 3966 imposuit,
1298 3887 1455 3966 quod
1489 3898 1722 3947 tantum
1758 3887 2124 3948 sollemniter
2152 3899 2507 3968 usurpatum
2539 3910 2664 3950 esse
2693 3891 2930 3951 videtur

582 3972 695 4049 (Le
741 3972 1299 4051 Bas-Waddington
1350 3976 1518 4054 727).

699 4226 754 4298 ¹¹)
791 4233 1034 4299 Ramsay,
1071 4232 1195 4283 Asia
1235 4198 1410 4283 Minor
1448 4250 1493 4300 p.
1535 4231 1647 4284 148.
