3414 5193
1556 483 1639 491 ,-
1730 447 1979 506 90..

589 621 749 699 polis
821 621 1277 701 Paphlogoniae
1352 621 1494 681 urbs
1569 630 1627 681 et
1703 620 1991 680 Xanthus
2076 620 2299 680 flumen
2390 629 2947 681 commemorantur.

589 706 830 782 Quibus
876 728 948 768 ex
994 709 1256 768 nummis
1302 728 1503 767 aeram
1537 705 1747 785 oppidi
1794 707 1933 766 item
1965 714 2144 785 atque
2188 726 2357 766 aeras
2400 705 2845 785 Pompeiopolis
2891 715 2949 766 et

591 791 1122 872 Neoclaudiopolis
1182 793 1532 872 oppidorum
1600 812 1729 853 esse
1793 792 2130 852 ducendam
2188 791 2265 851 ab
2311 811 2474 852 anno
2523 793 2555 850 7
2606 812 2657 852 a.
2703 791 2841 852 Chr.
2886 812 2946 852 n.

586 888 863 956 apparet,
931 899 1050 957 quo
1114 880 1427 957 Augustus
1486 876 1969 955 Paphlagoniam
2037 897 2172 937 cum
2234 876 2484 939 Galatia
2541 876 2858 936 coniunxit
2881 880 2945 955 l).

587 965 772 1024 Anno
825 967 868 1024 7
906 985 958 1023 a.
1007 965 1146 1026 Chr.
1195 985 1254 1025 n.
1325 973 1524 1024 autem
1588 962 1848 1041 Gangra
1907 963 2173 1022 nondum
2238 983 2466 1024 novum
2524 982 2746 1022 nomen
2802 962 2947 1024 Ger-

587 1049 1014 1130 manicopolim
1062 1050 1310 1128 accepit,
1358 1049 1462 1109 sed
1507 1057 1737 1128 postea,
1783 1048 2021 1108 Tiberio
2066 1048 2406 1127 imperante,
2452 1070 2587 1109 cum
2633 1048 2949 1109 Germani-

587 1155 709 1209 cuS‚
758 1137 820 1194 in
869 1135 1108 1212 Syriam
1154 1133 1554 1214 proficiscens,
1599 1153 1766 1193 anno
1818 1136 1892 1194 17
1939 1154 1996 1212 p.
2042 1133 2180 1193 Chr.
2226 1154 2286 1194 n.
2331 1135 2390 1193 in
2436 1133 2558 1194 illis
2602 1133 2947 1212 regionibus

590 1240 698 1299 per
740 1221 971 1300 aliquot
1016 1222 1143 1282 dies
1179 1230 1524 1280 moraretur.
1612 1217 2008 1279 Germanicus
2051 1227 2197 1279 tunc
2239 1219 2431 1280 tribus
2462 1220 2699 1299 oppidis
2729 1239 2948 1279 nomen

586 1306 1223 1385 ,‚Germanicopolim“
1289 1306 1594 1385 imposuit,
1663 1325 1769 1365 seu
1836 1304 2058 1383 oppida
2121 1306 2185 1363 in
2253 1305 2539 1365 honorem
2596 1305 2948 1366 Germanici

588 1390 740 1451 illud
807 1412 1029 1452 nomen
1103 1401 1571 1467 assumpserunt.
1661 1392 1830 1451 Ante
1895 1410 2127 1450 annum
2195 1393 2264 1451 17
2320 1411 2376 1469 p.
2431 1390 2569 1450 Chr.
2600 1411 2689 1451 ·n.
2756 1390 2947 1449 ullum

588 1477 876 1556 oppidum
939 1480 1126 1539 Asiae
1188 1477 1443 1537 Minoris
1507 1497 1733 1537 nomen
1803 1475 2351 1554 Germanicopolim
2417 1476 2531 1536 sibi
2600 1476 2950 1557 imposuisse

588 1583 714 1622 non
761 1572 925 1642 put0‚
972 1565 1261 1642 quoniam
1311 1562 1713 1623 Germanicus
1761 1569 1941 1621 antea
1984 1581 2105 1620 non
2152 1562 2270 1620 nisi
2315 1562 2378 1620 in
2413 1561 2746 1622 Germania
2788 1559 2951 1620 bella

587 1649 837 1726 gesserit
867 1658 923 1709 et
964 1650 1210 1708 omnino
1242 1649 1482 1708 demum
1528 1647 1640 1708 sub
1673 1647 1911 1707 Tiberio
1959 1646 2340 1725 aliquantum
2372 1646 2600 1726 gloriae
2644 1654 2949 1707 assecutus

591 1735 684 1793 sit.
776 1735 878 1794 Ab
926 1755 1092 1795 anno
1139 1734 1265 1794 fere
1315 1735 1388 1793 17
1436 1754 1492 1812 p.
1539 1733 1679 1794 Chr.
1730 1754 1791 1794 n.
1840 1733 2021 1811 igitur
2065 1752 2253 1810 usque
2307 1732 2382 1792 ad
2428 1733 2703 1810 quintum
2751 1752 2949 1792 saecu·

589 1818 718 1878 lum
762 1841 981 1880 nomen
1027 1818 1621 1897 „Germanicopolis“
1678 1817 2115 1896 usurpabatur,
2174 1817 2335 1896 quod
2390 1818 2565 1877 etiam
2615 1838 2779 1878 anno
2825 1819 2944 1878 451

603 1904 665 1964 in
714 1905 861 1966 actis
906 1905 1146 1966 concilii
1192 1904 1583 1966 Chalcedonii
1644 1904 1968 1982 (Harduin.
2014 1904 2079 1963 H
2123 1906 2244 1962 373
2292 1903 2367 1982 B)
2423 1905 2701 1976 occurrit;
2746 1913 2950 1978 postea

600 1999 799 2051 autem
844 2001 1013 2052 vetus
1060 2011 1278 2051 nomen
1315 1988 1648 2069 ‘„Gangrw‘
1692 2009 1898 2050 rursus
1943 2010 2057 2050 usu
2101 1998 2401 2069 receptum
2446 1998 2548 2050 est.

1544 2222 2011 2308 Bsthynfla.

935 2383 1076 2445 101.
1153 2381 2046 2467 Germanicopolis
2098 2412 2175 2439 --:
2228 2381 2620 2469 Helgas,

738 2524 970 2603 Helgas
1015 2523 1315 2605 oppidum,
1361 2524 1519 2604 quod
1566 2544 1749 2606 prope
1790 2524 2046 2584 Prusam
2092 2524 2270 2584 situm
2316 2533 2468 2598 erat,
2528 2523 2712 2583 Plinii
2759 2532 2949 2583 aetate

591 2609 1190 2689 ,‚Germanicopolis“
1254 2611 1563 2683 audiebat,
1622 2610 1783 2689 quod
1829 2631 2048 2671 nomen
2105 2611 2386 2690 oppidum
2448 2610 2700 2671 fortasse
2742 2610 2949 2670 eodem

592 2708 870 2774 tempore
914 2705 1092 2775 atque
1136 2696 1406 2774 Gangra,
1453 2696 1576 2756 scil.
1623 2716 1787 2756 anno
1837 2698 1910 2757 17
1962 2717 2019 2776 p.
2052 2696 2186 2758 Chr.
2218 2718 2278 2756 n.
2326 2696 2569 2776 accepit.
2637 2696 2950 2772 Quamdiu

589 2801 823 2841 nomen
862 2780 1381 2858 Germanicopolis
1426 2791 1781 2861 usurpatum
1827 2782 1918 2854 sit,
1963 2803 2087 2842 non
2135 2791 2392 2854 constat3
2439 2782 2641 2842 Plinio
2688 2781 2774 2860 (V
2808 2782 2950 2859 143)

591 2868 767 2927 enim
815 2877 1061 2946 excepto
1109 2868 1393 2947 oppidum
1437 2888 1735 2945 nusquam
1784 2878 2295 2929 commemoratur.

1551 3105 1997 3192 Phrygia.

1311 3248 1451 3310 102.
1526 3247 2252 3333 Tiberiopolis,

730 3388 1148 3467 TiberiopoliS,
1195 3410 1350 3467 quae
1394 3391 1459 3447 in
1504 3389 1775 3468 Phrygia
1816 3389 2149 3450 Pacatiana
2193 3390 2351 3449 intra
2381 3389 2606 3469 oppida
2634 3389 2950 3462 „Azanos“

598 3485 656 3533 et
747 3475 1132 3553 „Ancyram“
1217 3475 1332 3534 sita
1419 3478 1630 3553 erat2),
1721 3490 2219 3535 commemoratur
2305 3474 2467 3554 apud
2539 3475 2951 3535 Ptolemaeum

594 3559 688 3635 (V
725 3562 911 3638 235),
959 3559 1256 3620 Socratem
1307 3560 1464 3639 (hist.
1506 3560 1710 3621 eccles,
1756 3560 1888 3621 VII
1933 3563 2053 3639 46),
2099 3560 2433 3621 Hieroclem
2465 3562 2660 3639 (668),
2706 3560 2953 3638 Georgi-

591 3665 705 3704 um
779 3645 1067 3723 Cyprium
1141 3648 1313 3720 (353,
1394 3648 1610 3719 1728),
1690 3646 1754 3705 in
1830 3647 2045 3706 notitia
2101 3646 2545 3727 episcopatuum
2624 3648 2748 3726 (ΙΙΙ
2810 3647 2950 3718 601,

591 3729 769 3790 VIII
813 3732 986 3810 404),
1031 3731 1094 3788 in
1138 3731 1399 3790 nummis
1445 3752 1518 3791 ex
1562 3731 1878 3792 Hadriano
1933 3752 2123 3810 usque
2187 3731 2266 3791 ad
2320 3732 2693 3793 Gordianum
2743 3730 2952 3809 (Head

590 3814 685 3874 H.
733 3815 810 3876 N.
855 3837 914 3895 p.
964 3817 1128 3895 570).
1218 3816 1526 3897 Oppidum
1572 3817 1702 3877 sine
1747 3817 1929 3878 dubio
1976 3837 2012 3876 a
2056 3817 2292 3877 Tiberio
2337 3817 2643 3877 conditum
2690 3827 2801 3890 est,
2847 3837 2952 3878 seu

591 3920 820 3960 nomen
879 3921 1103 3961 novum
1165 3903 1408 3983 accepit,
1468 3903 1629 3981 quod
1690 3903 1831 3962 inde
1904 3902 2067 3982 apud
2140 3903 2446 3963 Romanos
2499 3923 2731 3982 semper
2787 3922 2954 3962 usur·

591 3986 873 4066 pabatur.

730 4248 771 4312 ¹)
807 4248 857 4300 J.
897 4248 1234 4315 Marquardt‚
1273 4248 1346 4299 St,
1391 4249 1447 4292 V.
1491 4247 1541 4300 d.
1581 4254 1711 4300 rom.
1751 4247 1948 4301 Reichs
1987 4248 2042 4298 1²
2077 4265 2125 4315 p.
2165 4250 2282 4302 359.

731 4316 770 4383 ²)
808 4316 1052 4383 Ramsay,
1089 4316 1214 4367 Asia
1252 4316 1430 4367 Minor
1464 4333 1514 4382 p.
1555 4316 1669 4380 147,
1707 4316 1809 4371 tab.
1847 4334 1893 4385 p.
1935 4317 2048 4370 104,
