3414 5193
1659 431 2056 487 -16..

1194 614 1651 701 Hispania
1702 615 2526 687 Turn-aconensis.

830 760 931 824 26.
984 756 1413 820 Tarraco
1475 783 1535 810 z
1595 759 1767 821 col.
1817 756 2076 839 julia
2125 758 2500 822 Victrix
2549 760 2896 824 Trium·

972 876 977 883 ¹
1688 863 2022 948 phalis,

815 989 1094 1060 Tarrac0,
1153 998 1334 1067 caput
1379 988 1719 1067 provinciae
1762 988 2251 1062 Tarraconensia,
2309 991 2369 1048 in
2420 1011 2526 1050 ora
2575 990 2874 1050 maritima
2920 991 3035 1050 sita

658 1084 838 1146 -erat3
904 1074 1065 1154 apud
1126 1073 1495 1153 geographos
1561 1083 1739 1152 atque
1801 1074 1863 1132 in
1911 1073 2228 1135 itinerariis
2286 1076 2568 1156 oppidum
2630 1075 2753 1135 fere
2807 1097 3037 1156 semper

686 1162 771 1220 ita
829 1160 1012 1220 audit.
1101 1158 1338 1221 Plinius
1385 1159 1506 1234 (ΙΙΙ
1554 1160 1659 1237 21)
1720 1158 2118 1220 Tarraconem
2185 1160 2480 1221 coloniam
2541 1161 2686 1221 dicit
2749 1172 2926 1240 atque
2969 1163 3031 1220 in

685 1247 873 1305 titulis
918 1244 1469 1305 Tarraconensibus
1527 1244 1616 1321 (O.
1665 1241 1707 1303 I.
1756 1244 1828 1303 L.
1876 1245 1941 1304 II
1989 1247 2173 1317 4071,
2232 1248 2421 1319 4274)
2467 1258 2526 1307 et
2567 1246 3034 1307 Barcinensibus

688 1331 749 1393 (l.
807 1353 857 1391 c.
901 1332 1373 1399 4536—4548)
1439 1330 1752 1409 reperitur:
1836 1330 1980 1403 „col.
2035 1331 2092 1393 J.
2151 1332 2227 1393 V.
2283 1332 2351 1393 T.
2406 1332 2787 1404 Tarracon.“,
2859 1343 3036 1411 atque

667 1417 748 1475 *in
794 1418 1057 1477 nummis
1106 1415 1365 1477 (Eckhel
1411 1416 1443 1475 Ι
1486 1436 1541 1494 p.
1576 1419 1677 1483 57)
1715 1416 1974 1494 Augusti
2020 1419 2255 1477 aetatis:
2302 1418 2394 1490 „J.
2416 1419 2494 1479 V.
2526 1418 2630 1477 T.“
2661 1420 2784 1477 vel:
2832 1417 2923 1490 „J.
2955 1419 3035 1478 V.

658 1502 753 1562 ’Τ.
787 1502 915 1574 T.“;
963 1523 1117 1581 quae
1162 1501 1514 1582 compendia
1545 1501 1689 1579 quid
1720 1501 2079 1579 significent,
2125 1504 2528 1581 quaerendum
2563 1513 2663 1563 est.
2713 1504 3035 1563 Antonius

690 1588 1070 1667 Augustinus
1113 1587 1260 1647 haec
1306 1586 1561 1647 scribere
1588 1588 1935 1667 proposuit:
1997 1588 2141 1659 „col.
2188 1589 2359 1649 ,Iulia
2404 1589 2643 1648 Victrix
2687 1589 3035 1665 Tyrrhena“

660 1683 792 1733 ⁴aut
835 1673 1151 1751 ,‚Togata“.
1245 1671 1406 1731 Illud
1453 1672 1801 1748 Tyrrhenae
1860 1693 2187 1750 cognomen
2236 1683 2433 1733 autem
2481 1676 2863 1752 Augustinus
2909 1674 3035 1753 ipse

688 1760 906 1835 reiecit,
949 1780 1082 1819 cum
1131 1758 1250 1818 alio
1296 1758 1585 1838 pertinere
1630 1757 2037 1830 intellexisset,
2093 1759 2251 1837 quod
2298 1761 2610 1818 Ausonius
2656 1763 2764 1839 (ep.
2816 1759 3033 1839 24‚88)

656 1845 1084 1904 'Tarraconem
1110 1844 1658 1922 ,‚Tyrrhenaicam“
1687 1842 1972 1922 appellat.
2005 1844 2082 1915 „J
2089 1844 2247 1904 ulia“
2278 1865 2606 1923 cognomen
2640 1845 3032 1905 certissimum

657 1940 793 2002 vest,
856 1951 988 1990 cum
1039 1929 1339 2011 permulta
1383 1928 1542 1988 illius
1591 1929 1932 2009 compendii
1980 1949 2085 2008 per
2126 1931 2183 1991 J.
2230 1931 2508 2010 exempla
2553 1939 2803 1991 exstent.
2894 1930 3034 1990 Vic-

685 2017 885 2075 tricem
936 2036 1266 2095 cognomen
1301 2035 1534 2094 quoque
1573 2015 1953 2092 Augustinus
1998 2025 2152 2075 recte
2197 2016 2568 2096 supplevisse
2598 2017 2850 2088 videtur,
2898 2036 3033 2075 cum

680 2102 747 2159 in
794 2101 1179 2180 Carthaginis
1224 2101 1437 2160 Novae
1481 2110 1537 2160 et-
1584 2098 1796 2160 Celsae
1841 2102 2105 2161 nummis
2161 2103 2296 2162 item
2347 2103 2658 2174 ,‚Victrix“
2701 2121 3033 2180 cognomen

685 2196 743 2247 et
816 2197 1003 2247 totum
1079 2196 1138 2246 et
1210 2207 1315 2265 per
1380 2195 1583 2246 notam
1651 2186 1807 2258 ‚,V.“
1873 2189 2203 2265 ieperiatur
2270 2187 2531 2261 (Eckhel
2594 2188 2626 2247 Ι
2689 2209 2744 2267 p.
2809 2189 3033 2261 44,41).

683 2272 1048 2351 „Togatam“
1100 2293 1226 2332 esse
1279 2271 1429 2331 illud
1487 2272 1627 2343 „T.“
1684 2270 1787 2330 ille
1842 2270 1933 2330 vir
1989 2272 2199 2331 doctus
2260 2275 2507 2345 censuit,
2573 2273 2664 2332 his
2720 2271 3033 2333 Strabonis

684 2359 880 2418 verbis
926 2359 1049 2436 (ῙῙῙ
1097 2380 1145 2438 p.
1201 2356 1350 2437 151)
1398 2357 1651 2417 abusus:
1698 2363 1983 2423 ‚‚Mciktcroe
2021 2367 2070 2417 οἱ
2107 2367 2224 2436 περὶ
2264 2365 2356 2416 τὸν
2399 2372 2584 2416 Βαῖτιν
2619 2369 2804 2417 τελέωο
2840 2367 2916 2417 εἷο
2941 2365 3033 2417 τὸν

651 2450 977 2520 ’“Ρωμαῐων
1039 2455 1457 2518 μεταβέβληνται
1517 2451 1731 2520 τρόπον,
1797 2450 1920 2502 οὐδὲ
1983 2460 2072 2515 τῆο
2139 2453 2415 2503 διαλέκτου
2482 2459 2571 2516 τῆο
2640 2457 2897 2522 σφετέροιο
2957 2452 3032 2502 ἔτι

681 2535 1035 2598 μεμνημένοι.
1098 2533 1317 2580 Λατῖνοί
1351 2547 1401 2579 τε
1438 2530 1486 2578 οἱ
1513 2531 1740 2580 nisteron
1772 2525 2023 2594 γεγόνασι
2050 2531 2136 2580 καὶ
2166 2529 2413 2582 ἔποὶκουο
2438 2530 2677 2595 antiquet
2698 2524 3030 2595 Ῥωμαίουεῃ

684 2605 807 2659 dien
843 2608 1042 2680 μικρὸν
1076 2608 1337 2679 οἷπὲχουορ
1372 2613 1466 2658 τοῦ·
1488 2624 1525 2656 π
1550 2605 1683 2657 'vrso
1719 2605 1863 2657 εἶναι
1906 2603 2177 2675 Ῥωμαῖοι
2216 2645 2395 2665 .....
2433 2609 2522 2658 καὶ
2562 2607 2625 2668 δὴ
2650 2613 2759 2658 τῶν
2781 2604 3028 2678 Ἰβήρων,

683 2692 792 2745 ὅσοι
825 2696 1011 2759 ταύτηο
1047 2696 1141 2747 elci
1180 2701 1269 2756 τῆο
1305 2693 1470 2754 mac,
1505 2693 1720 2758 τογᾶτοι
1754 2695 2047 2760 λέγονται,“
2102 2686 2342 2763 Quibus
2397 2686 2592 2747 Verbis
2645 2685 2799 2745 idem
2848 2686 3029 2764 signi·

682 2774 910 2845 ficatur,
985 2784 1163 2851 atque
1227 2771 1337 2831 Th.
1395 2771 1733 2831 Mommsen
1755 2773 1800 2846 1)
1870 2772 1974 2831 ait:
2049 2772 2316 2851 Togatus
2386 2772 2729 2833 bezeichnet
2793 2772 2856 2829 in
2925 2770 3029 2830 der

647 2932 653 2937 ,
675 2858 1061 2939 juristischen
1109 2857 1235 2917 und
1281 2856 1621 2937 uberhaupt
1663 2857 1723 2915 in
1759 2856 1865 2917 der
1894 2858 2276 2919 technischen
2312 2858 2579 2938 Sprache
2618 2857 2732 2917 den
2766 2855 3026 2928 Italiker,

683 2946 765 3004 im
805 2944 1178 3023 'Gegensatz
1252 2942 1418 3001 nicht
1483 2942 1645 3003 bloss
1712 2963 1845 3001 zum
1910 2945 2271 3017 Auslander,
2346 2944 2605 3004 sondern
2674 2943 2825 3003 auch
2893 2962 3025 3000 zum

681 3030 1017 3090 romischen
1062 3029 1345 3108 Burger.“
1431 3028 1646 3107 Togati
1703 3030 1884 3107 igitur
1943 3040 2086 3089 sunt
2128 3031 2443 3111 peregrini,
2502 3032 2603 3109 qui
2649 3036 2886 3088 tantum
2932 3048 3029 3087 ex-

654 3116 994 3176 terioribus
1039 3115 1232 3186 rebuS‚
1279 3122 1345 3174 ut
1388 3114 1602 3192 lingua
1647 3125 1704 3174 et
1750 3114 1981 3185 vestitu,
2030 3136 2154 3175 non
2188 3117 2315 3175 iure
2343 3117 2640 3176 Romanis
2672 3133 2843 3193 pares
2874 3123 3028 3181 sunt,

667 3212 748 3261 ‘ut
792 3201 1025 3272 Latini;
1093 3200 1328 3279 Togata
1383 3221 1726 3278 cognomen,
1793 3199 1980 3277 igitur
2041 3200 2316 3260 coloniae
2369 3202 2588 3261 civium
2648 3207 2850 3278 aptum
2908 3218 3027 3257 non

654 3296 783 3347 est.
797 3290 843 3363 2)
888 3286 1032 3362 Qua
1074 3288 1304 3346 ratione
1351 3295 1548 3347 autem
1594 3285 1704 3345 illa
1734 3292 1881 3343 nota
1913 3285 2037 3357 „T“
2067 3286 2144 3345 s'it
2172 3286 2550 3365 explicanda,
2597 3283 2783 3344 verba
2814 3283 3031 3344 docent

681 3372 849 3433 Flori
909 3372 1161 3432 rhetoris
1226 3374 1283 3431 in
1353 3371 1610 3449 dialogo,
1674 3390 1869 3449 nuper
1927 3371 2160 3451 prolato
2222 3372 2309 3449 (in
2357 3370 2573 3432 Jahnii
2619 3369 2801 3429 Floro
2861 3389 3028 3449 prae·

654 3457 908 3518 ‘satione
962 3479 1017 3538 p.
1065 3459 1145 3517 43
1192 3479 1247 3518 v.
1300 3459 1600 3534 11-17);
1664 3476 1836 3536 quem
1896 3455 2201 3534 dialogum
2255 3465 2395 3516 ante
2449 3475 2679 3515 annum
2723 3455 2837 3515 101
2903 3474 3029 3514 esse

682 3544 956 3604 habitum
1013 3552 1070 3603 et
1114 3553 1381 3623 'spectare
1434 3543 1511 3603 ad
1555 3542 1957 3602 Tarraconem
2003 3541 2379 3602 Friedericus
2425 3539 2720 3610 Ritschl3)
2785 3540 3027 3600 demon-

680 3629 907 3690 stravit.
994 3628 1121 3690 Ubi
1167 3629 1315 3690 haec
1359 3629 1673 3708 leguntur:
1720 3627 1823 3700 „Si
1868 3627 2013 3706 quid
2061 3627 2138 3686 ad
2182 3647 2305 3687 rem
2338 3627 2610 3707 pertinet,
2654 3625 2864 3685 civitas
2894 3625 3027 3704 ipsa

659 3715 1149 3793 *generosissimis
1218 3715 1500 3795 auspiciis
1567 3714 1867 3784 instituta,
1950 3732 2094 3771 nam
2158 3722 2390 3792 praeter
2449 3711 2725 3772 Caesaris
2788 3708 3024 3782 vexilla,

653 3821 833 3879 ·quae
879 3809 1089 3881 portat,
1137 3800 1486 3881 triumphos,
1531 3798 1694 3858 unde
1739 3817 1960 3874 nomen
2009 3798 2251 3877 accepit,
2298 3798 2464 3858 adest
2500 3799 2678 3858 etiam
2712 3796 3026 3876 peregrina

656 3886 1024 3947 ,nobilitas.“
1120 3885 1358 3962 Quibus
1420 3884 1618 3945 verbis
1677 3883 1846 3943 nisus
1908 3882 2019 3942 Th.
2080 3882 2418 3944 Mommsen
2479 3885 2708 3964 primus
2768 3882 3026 3940 litteram

818 4129 859 4194 ¹)
896 4085 1204 4179 Romrhist.
1243 4126 1270 4176 l
1308 4144 1357 4195 p.
1396 4124 1499 4179 920
1532 4126 1610 4177 ed.
1651 4126 1754 4178 IV.

820 4231 860 4297 2)
900 4229 1167 4293 Huebner,
1205 4230 1263 4281 C.
1304 4231 1349 4280 I.
1388 4229 1449 4280 L.
1489 4229 1549 4279 11
1588 4247 1636 4298 p.
1675 4229 1792 4283 538.

817 4325 858 4388 ³)
894 4324 1031 4375 Mus
1069 4323 1238 4374 Rhen.
1277 4323 1305 4373 I
1344 4341 1391 4392 p.
1429 4322 1547 4377 309.
