3414 5193
1489 512 1954 570 —138—

545 681 820 744 coloniae
864 684 957 744 ius
1004 692 1183 762 atque
1224 703 1560 763 cognomen
1591 684 2122 764 „Antoninianae“
2154 683 2353 757 ,dedit3
2399 683 2560 763 quod
2605 683 2894 761 quamdiu

546 769 912 829 sollemniter
977 778 1328 849 usurpatum
1396 765 1503 850 sit,
1572 770 1895 842 nescimuS,
1962 791 2097 830 cum
2164 779 2300 849 post
2363 765 2668 829 Domnam
2735 769 2893 828 nulli

544 855 780 913 nummi
825 854 1097 915 coloniae
1139 863 1389 916 exstent.

1398 989 1467 1047 Β.
1509 989 1741 1047 Cetera
1779 989 2034 1060 oppida,

787 1092 951 1147 quae
991 1092 1072 1135 ex
1111 1078 1445 1134 Caracalla
1483 1078 1808 1135 nominata
1846 1073 1944 1134 vel
1985 1077 2437 1149 cognominata
2474 1079 2642 1134 sunt.

1190 1262 1704 1343 Gen-mania
1757 1265 2263 1360 sapen-ior.

1201 1396 1343 1460 183.
1394 1396 1868 1461 Aurelius
1917 1397 2236 1462 Vicus».

676 1522 747 1580 In
828 1521 1001 1582 titulo
1080 1522 1227 1581 anni
1288 1522 1437 1594 232,
1514 1542 1697 1602 prope
1763 1517 2119 1582 hodiernum
2182 1520 2581 1599 »Oehringen«
2650 1529 2895 1600 repertu,

545 1606 923 1684 (Brambach
979 1605 1043 1667 C.
1090 1608 1137 1668 Ι.
1184 1607 1298 1667 Rh.
1351 1610 1530 1680 1551,
1583 1610 1785 1683 1561),
1838 1608 2151 1667 »Aurelius
2195 1607 2418 1667 Vicus«
2462 1606 2727 1678 occurrit,
2795 1607 2895 1684 qui

546 1705 716 1752 anno
764 1694 885 1752 213
943 1713 979 1752 a
1024 1692 1356 1766 Caracalla,
1417 1714 1549 1753 cum
1599 1692 1986 1753 Allemannis
2031 1691 2254 1752 bellum
2303 1692 2558 1765 inferret,
2618 1691 2895 1751 conditus

544 1797 678 1838 esse
720 1777 960 1838 videtur
1007 1778 1102 1842 (O.
1149 1777 1393 1850 Keller3
1452 1778 1672 1840 »Vicus
1718 1778 2003 1838 Aurelius
2049 1778 2190 1838 oder
2234 1777 2574 1856 Oehri'ngen
2623 1798 2728 1836 zur
2771 1777 2899 1836 Zeit

544 1861 658 1923 der
700 1863 965 1936 Romer«,
1011 1864 1208 1936 Bonn‚
1256 1863 2070 1944 Winkelmannsprogramm
2122 1866 2330 1945 1871).

1527 2033 1929 2106 Galatia.

763 2162 903 2225 184.
954 2161 1349 2249 Ancyra
1402 2190 1480 2218 =
1531 2160 2221 2224 Antoniniana
2271 2161 2677 2248 Ancyra.

677 2286 941 2365 Ancyra,
1009 2285 1290 2347 Galatiae
1343 2294 1542 2365 caput,
1608 2286 1668 2344 in
1731 2285 1993 2344 nummis
2039 2285 2392 2345 Caracallae
2447 2286 2754 2363 (Mionnet
2799 2285 2893 2344 IV

545 2393 601 2451 p.
651 2370 909 2449 384‚60)
974 2371 1463 2431 »Antoniniana«
1510 2371 1692 2442 audit,
1757 2370 1915 2449 quod
1962 2390 2292 2449 cognomen
2340 2371 2627 2450 oppidum
2672 2370 2785 2430 sibi
2830 2370 2892 2428 in

548 2458 833 2517 honorem
878 2456 1039 2516 illius
1089 2458 1477 2536 imperatorie,
1527 2478 1563 2516 a
1608 2475 1727 2518 ouo
1773 2456 2153 2535 privilegium
2201 2467 2526 2536 acceperat,
2586 2456 2894 2535 imposuit;

546 2552 681 2623 post
724 2541 1102 2603 Caracallam
1152 2550 1351 2603 autem
1390 2542 1874 2602 »Antoniniana«
1919 2561 2243 2621 cognomen
2291 2562 2413 2602 non
2460 2543 2580 2603 iam
2625 2541 2894 2603 occurrit.

1550 2715 1889 2801 mysia.

742 2838 884 2904 185.
945 2830 1372 2926 Cyzicus
1421 2867 1499 2895 :s-
1552 2840 2232 2903 Antoniniana
2294 2839 2706 2904 Aurelia

1492 2928 1944 3018 Cyzicus

673 3054 941 3133 CyzicuS,
988 3053 1068 3113 ad
1114 3054 1542 3134 Propontidem
1592 3055 1723 3127 sita,
1771 3055 1833 3113 in
1879 3053 2234 3114 Caracallae
2274 3053 2560 3113 honorem
2607 3054 2717 3113 sibi
2763 3074 2895 3132 cog·

548 3140 799 3200 nomina
880 3139 1224 3200 »Aureliam
1295 3141 1814 3200 Antoninianam«
1887 3140 2186 3219 imposuit,
2260 3159 2510 3217 quorum
2583 3139 2890 3199 »Aurelia«

546 3242 877 3304 cognomen
925 3220 1108 3286 etiam
1156 3226 1220 3284 in
1269 3220 1538 3305 Philippi
1584 3225 1833 3284 iunioris
1879 3226 2141 3284 nummis
2187 3224 2442 3284 occurrit
2487 3221 2786 3302 (Mionnet
2829 3224 2896 3284 II
2969 3243 2976 3250 ·

546 3333 600 3387 p.
648 3314 769 3373 546
817 3314 941 3390 sq.).

1538 3426 1900 3498 Cilicia.

689 3554 830 3618 186.
891 3554 1683 3639 Antoninopolis
1740 3581 1810 3608 ε
1864 3552 2205 3616 Adana
2252 3551 2762 3615 Hadriana

681 3642 1251 3737 ¹Severiana
1318 3642 1942 3706 Macriniana
2002 3641 2736 3706 Maximiniana.

676 3768 917 3842 Adana,
981 3769 1058 3828 ad
1104 3769 1320 3830 Sarum
1381 3769 1511 3842 sita,
1569 3770 1687 3828 iam
1747 3768 1825 3828 ab
1870 3767 2192 3827 Hadriano
2252 3776 2310 3827 et
2353 3767 2640 3846 Septimio
2684 3786 2892 3844 cogno-

548 3855 715 3913 mina
776 3854 1207 3927 »HadrIanae«,
1268 3855 1684 3915 »Severianae«
1749 3862 2059 3932 acceperat
2120 3852 2424 3931 (Mionnet
2476 3852 2575 3911 III
2626 3873 2682 3931 p.
2729 3854 2894 3931 562).

549 3939 873 4000 Caracalla
934 3949 1132 3999 autem
1196 3940 1417 4019 oppido
1481 3939 1771 3999 sollemne
1829 3959 2155 4016 cognomen
2211 3939 2747 4017 »Antoninopolis«
2790 3938 2895 3995 im-

549 4026 763 4105 posuit,
829 4025 987 4103 quod
1035 4026 1097 4084 in
1144 4025 1351 4087 Juliae
1396 4025 1672 4085 Domnae
1717 4025 1978 4084 nummis
2024 4026 2324 4104 reperitur.
2413 4023 2629 4083 Postea
2654 4021 2897 4082 'Adana

549 4111 726 4170 etiam
796 4132 832 4170 a
897 4111 1173 4171 Macrino
1239 4111 1679 4170 »Macriniana«
1756 4119 1813 4169 et
1884 4130 1920 4170 a
1985 4109 2326 4169 Maximino
2390 4108 2897 4180 »Maximiniana«

549 4205 763 4256 vocata
809 4208 911 4269 est,
971 4216 1223 4276 quorum
1270 4205 1586 4274 utrumque
1630 4214 1963 4273 cognomen
2008 4195 2072 4253 in
2120 4190 2416 4269 Gordiani
2462 4194 2725 4253 nummis
2771 4213 2893 4253 non

549 4280 670 4340 iam
734 4282 999 4342 occurrit.
1111 4283 1210 4341 Ex
1274 4280 1378 4340 illo
1443 4281 1804 4361 imperatore
1867 4281 2028 4340 enim
2096 4301 2285 4359 usque
2353 4280 2431 4339 ad
2499 4279 2894 4363 Valerianum

551 4367 837 4447 oppidum
884 4367 1251 4427 sollemniter
1295 4367 1471 4426 modo
1515 4366 1872 4426 »Hadriana
1918 4367 2174 4427 Adana«
2221 4365 2518 4425 audiebat.
