3414 5193
1614 475 2035 532 ..10-

1624 641 2019 710 Latium.

937 781 1033 844 15.
1082 778 1320 844 Sora
1367 810 1445 838 π
1499 784 1669 845 col.
1719 781 1974 865 Julia
2021 782 2197 844 Pra
2247 831 2259 844 .
2314 831 2326 843 .
2381 830 2394 843 .
2444 777 2707 843 Sora.

775 905 928 966 Sora
973 905 1049 966 ad
1095 905 1285 965 Lirim
1332 906 1554 967 flumen
1601 906 1966 967 Volscorum
2014 907 2074 965 in
2121 906 2409 966 territorio
2454 906 2571 964 sita
2614 913 2765 976 erat;
2835 902 2993 983 apud

622 1000 919 1051 auctores
973 991 1260 1071 oppidum
1321 1011 1552 1072 semper
1604 993 1691 1051 ita
1745 993 1931 1052 audit.
2030 991 2210 1052 Anno
2268 992 2390 1049 303
2447 989 2661 1051 Soram
2706 989 2994 1049 Latinam

644 1075 943 1137 coloniam
988 1097 1116 1136 esse
1159 1076 1480 1136 deductam
1519 1078 1732 1138 Livius
1780 1078 1901 1156 (10
1912 1083 1969 1152 1)
2018 1086 2076 1137 et
2119 1076 2394 1137 Velleius
2445 1075 2520 1154 (Ι,
2576 1080 2673 1153 14)
2720 1082 2995 1143 narrant;

622 1170 855 1242 postea
886 1162 1258 1223 Octavianus
1303 1172 1720 1223 veteranorum
1769 1163 2069 1223 coloniam
2113 1182 2181 1222 eo
2227 1141 2492 1222 deduxit
2562 1160 2802 1220 Plinius
2834 1159 2993 1220 enim

650 1248 771 1323 (III
820 1249 924 1311 63)
983 1247 1193 1308 Soram
1252 1247 1621 1308 coloniarum
1678 1250 1739 1308 in
1794 1269 2038 1309 numero
2095 1247 2266 1308 affert
2318 1256 2377 1307 et
2419 1248 2480 1306 in
2538 1247 2711 1306 titulo
2764 1245 2997 1307 Sorano

650 1332 738 1409 (C.
779 1334 826 1393 Ι.
859 1333 928 1393 L.
969 1332 1034 1392 X
1080 1335 1272 1407 5711)
1319 1334 1635 1414 oppidum:
1693 1335 1837 1407 ‚,col.
1884 1334 2058 1396 Julia
2087 1334 2206 1394 Pra
2251 1381 2265 1395 .
2317 1381 2329 1393 .
2377 1339 2438 1394 .“
2484 1331 2669 1392 audit.
2757 1332 2831 1391 In
2879 1328 2997 1389 alio

624 1418 825 1478 titulo
872 1417 934 1490 (l.
980 1440 1028 1479 c.
1076 1421 1267 1496 5713)
1312 1419 1404 1479 vir
1448 1430 1974 1491 commemoratur,
2019 1421 2121 1498 qui
2169 1430 2307 1479 ante
2352 1417 2650 1479 coloniam
2685 1417 2996 1477 deductam
3073 1488 3078 1491 Α

650 1503 990 1584 primipilus
1063 1514 1121 1564 et
1193 1504 1470 1565 tribunus
1546 1505 1806 1565 militum
1879 1515 2127 1584 quartae
2199 1503 2447 1582 legionis
2520 1503 2742 1576 fuerat;
2818 1520 2997 1580 quam

650 1590 947 1668 legionem
1008 1600 1113 1649 aut
1170 1599 1304 1670 post
1355 1590 1803 1668 Philippensem
1860 1600 1966 1651 aut
2015 1599 2149 1664 post
2184 1591 2499 1650 Actiacam
2554 1608 2822 1668 pugnam
2874 1605 2999 1647 esse

625 1675 967 1735 deductam
1011 1675 1088 1736 A.
1134 1676 1208 1735 de
1239 1676 1690 1737 Domaszewski
1715 1679 1759 1755 1)
1806 1676 2076 1736 ostendit.
2165 1675 2281 1735 Sed
2328 1694 2463 1734 cum
2509 1675 2573 1732 in
2620 1675 2998 1734 coloniarum

652 1760 859 1821 libello
895 1764 975 1840 (p.
1003 1763 1123 1819 237
1140 1786 1150 1829 1
1187 1760 1487 1822 coloniam
1518 1762 1794 1822 Caesaris
1819 1762 2081 1839 Augusti
2113 1762 2278 1820 iussu
2303 1780 2429 1820 esse
2448 1759 2764 1819 deductam
2789 1757 3002 1819 refera-

654 1858 765 1919 tur,
811 1848 1008 1926 potius
1055 1858 1186 1926 post
1214 1847 1529 1907 Actiacam
1578 1868 1847 1928 pugnam
1892 1855 2170 1926 quartam
2199 1845 2365 1906 illam
2400 1844 2711 1923 legionem,
2756 1864 2909 1922 quae
2939 1844 3000 1902 in

642 1933 825 1992 titulo
890 1933 949 2004 (l
999 1953 1046 1994 c.
1096 1934 1351 2009 5713),
1357 1932 1644 2004 ,Sorana“
1699 1933 1934 2011 dicitur,
1998 1952 2124 1991 esse
2181 1931 2497 1991 deductam
2546 1950 2774 1990 censeo,
2863 1929 3001 2005 Quo

654 2017 831 2090 modo
873 2018 1028 2077 illud
1073 2018 1228 2091 „Pra
1275 2066 1286 2077 .
1333 2068 1344 2078 .
1457 2018 1671 2078 ‘tituli
1719 2018 1896 2078 modo
1955 2016 2397 2077 commemorati
2451 2004 2854 2096 supplendum
2908 2016 3000 2088 sit,

653 2124 774 2164 non
849 2114 1096 2164 constat.
1209 2104 1401 2163 Haud
1468 2106 1587 2165 scio
1655 2126 1735 2164 an
1799 2125 1933 2164 cum
2001 2103 2315 2163 Mancinio
2343 2106 2388 2166 2,
2458 2102 2535 2162 sit
2597 2100 3000 2161 scribendum:

624 2189 1048 2262 ‚„Praetoria“,
1095 2189 1254 2267 quod
1300 2210 1635 2268 cognomen
1683 2190 1954 2249 coloniae
2000 2188 2243 2247 militari
2290 2188 2439 2247 bene
2483 2198 2688 2268 aptum
2735 2196 2899 2246 esset.

826 2371 919 2432 15.
967 2369 1326 2434 Suessa
1378 2396 1454 2425 --
1506 2373 1671 2435 col.
1723 2369 1987 2452 Julia
2035 2368 2316 2431 Felix
2367 2367 2829 2431 Classica

1639 2475 2019 2540 Suessa

784 2602 1006 2663 Suessa
1052 2602 1337 2682 oppidum
1372 2604 1795 2662 Auruncorum
1845 2603 1907 2660 in
1954 2600 2246 2661 territorio
2277 2619 2461 2680 prope
2497 2609 2758 2659 montem
2793 2599 3007 2658 Massi-

630 2709 792 2749 cum
843 2688 1021 2748 situm
1068 2699 1211 2749 erat.
1317 2688 1505 2748 Anno
1552 2690 1674 2747 313
1723 2708 1789 2747 eo
1836 2686 2136 2747 coloniam
2183 2686 2471 2745 Latinam
2520 2705 2647 2745 esse
2692 2685 3002 2744 deductam

657 2774 927 2834 referunt
983 2774 1188 2833 Livius
1249 2775 1443 2852 (9,28)
1506 2783 1563 2833 et
1606 2772 1883 2834 Velleius
1931 2771 1984 2850 (l
2036 2773 2155 2850 14).
2261 2771 2479 2831 Postea
2541 2771 2617 2830 ab
2672 2770 3006 2832 Octaviano

633 2860 941 2920 Suessam
1001 2859 1238 2919 colonia
1290 2868 1709 2920 veteranorum
1756 2859 2013 2919 deducta
2057 2867 2157 2918 est.
2248 2857 2486 2916 Plinius
2532 2857 2689 2916 enim
2738 2855 2859 2933 (III
2902 2857 3007 2929 63)

631 2945 949 3025 -oppidum
1005 2944 1305 3005 coloniam
1353 2945 1498 3004 dicit
1540 2954 1598 3005 et
1642 2946 1700 3003 in
1748 2945 1921 3004 titulo
1969 2944 2059 3015 (C.
2105 2943 2155 3004 I.
2202 2944 2271 3003 L.
2317 2944 2382 3002 X
2428 2946 2507 3002 48
2539 2947 2593 3000 2
2652 2942 3007 3020 reperimus:

659 3031 766 3091 col.
815 3030 986 3092 Julia
1029 3030 1207 3090 Felix
1246 3029 1541 3101 Classica;
1588 3030 1748 3109 quod
1797 3050 2013 3090 nomen
2061 3029 2333 3089 coloniae
2379 3028 2456 3088 ab
2490 3028 2830 3089 Octaviano
2877 3036 3009 3104 post

656 3116 892 3177 felicem
954 3117 1230 3177 navalem
1297 3136 1559 3196 pugnam
1625 3117 1774 3175 anni
1833 3118 1908 3174 31
1961 3115 2307 3194 Impositum
2354 3135 2481 3174 esse
2526 3113 2771 3172 videtur.
2863 3110 3009 3171 Sine

629 3201 838 3261 -dubio
883 3201 989 3262 illa
1033 3202 1394 3280 cognomina
1438 3201 1855 3261 tantummodo
1901 3200 2270 3260 sollemniter
2297 3199 2769 3278 usurpabantur.

1604 3369 2161 3456 campania.

1049 3513 1145 3585 17
1196 3519 1531 3579 Cumae
1585 3543 1662 3571 --
1682 3516 1888 3577 col.
1937 3512 2201 3595 Julia
2253 3508 2629 3573 Cumae.

791 3640 1018 3700 Cumae
1071 3640 1357 3720 oppidum
1414 3661 1450 3699 a
1493 3641 1693 3699 Plinio
1742 3638 1868 3714 (III
1915 3641 2016 3710 61)
2063 3636 2299 3696 colonia
2343 3654 2464 3693 non
2514 3632 2881 3713 appellatur;
2946 3633 3007 3689 in

636 3725 1032 3785 -coloniarum
1089 3734 1285 3785 autem
1340 3725 1547 3786 libello
1595 3731 1675 3804 (p.
1734 3726 1880 3801 232)
1938 3722 2083 3782 haec
2135 3720 2441 3818 leguntur:
2522 3717 2788 3790 „Cumae
2842 3737 3012 3776 muro

640 3862 648 3866 ,
661 3811 878 3883 „ducto
934 3811 1174 3871 colonia
1231 3811 1308 3872 ab
1355 3812 1631 3889 Augusto
1685 3809 1968 3877 deducta;
2032 3826 2173 3883 ager
2223 3805 2348 3864 eius
2392 3805 2454 3862 in
2502 3803 2808 3882 iugeribus
2853 3811 3012 3861 vete-

634 3950 639 3954 .
661 3898 868 3974 „ranis
936 3918 1042 3977 pro
1109 3899 1319 3957 merito
1391 3908 1479 3956 est
1545 3897 1888 3972 assignatus
1955 3893 2120 3950 iussu
2196 3890 2437 3950 Claudii
2515 3888 2842 3950 Caesarisf‘
2937 3889 3008 3946 In

664 3982 852 4043 titulis
917 3983 1130 4043 deinde
1191 3982 1279 4060 (C.
1340 3983 1388 4042 Ι.
1448 3982 1516 4041 L.
1570 3981 1632 4040 X
1666 3946 1886 4051 3703,
1945 3978 2135 4048 3704)
2194 3975 2425 4036 litterae
2488 3976 2561 4035 D.
2626 3974 2692 4035 C.
2748 3974 2807 4035 J.
2870 3973 3014 4032 haec

638 4069 1005 4147 ,significare
1048 4069 1360 4129 videntur:
1407 4066 1680 4139 „decurio
1728 4064 1997 4124 coloniae
2042 4060 2307 4133 Juliae;
2354 4063 2457 4140 qui
2496 4061 2651 4120 tituli
2685 4060 2762 4119 ad
2791 4059 3013 4119 Cumas

806 4276 846 4336 1)
883 4276 917 4326 1.
955 4291 997 4325 c.
1038 4292 1085 4339 p.
1130 4272 1241 4325 183.

804 4362 842 4424 ²)
881 4360 938 4411 C.
980 4361 1022 4410 I.
1061 4359 1122 4409 L.
1162 4358 1214 4408 X
1252 4376 1300 4423 p.
1339 4356 1455 4408 561.
