<?xml version="1.0" encoding="UTF-8"?>
<!DOCTYPE html PUBLIC "-//W3C//DTD XHTML 1.0 Transitional//EN"
    "http://www.w3.org/TR/xhtml1/DTD/xhtml1-transitional.dtd">
<html xmlns="http://www.w3.org/1999/xhtml" xml:lang="en" lang="en">
 <head>
  <title>
</title>
<meta http-equiv="Content-Type" content="text/html;charset=utf-8" />
  <meta name='ocr-system' content='tesseract 3.04.00' />
  <meta name='ocr-capabilities' content='ocr_page ocr_carea ocr_par ocr_line ocrx_word'/>
</head>
<body>
  <div class='ocr_page' id='page_1' title='image "./decoloniisoppid00assmgoog_0092.png"; bbox 0 0 3414 5193; ppageno 0'>
   <div class='ocr_carea' id='block_1_1' title="bbox 1555 421 1977 479">
    <p class='ocr_par' dir='ltr' id='par_1_1' title="bbox 1555 421 1977 479">
     <span class='ocr_line' id='line_1_1' title="bbox 1555 421 1977 479; baseline -0.021 -11"><span class='ocrx_word' id='word_1_1' title='bbox 1555 421 1977 479; x_wconf 73' lang='lat' dir='ltr'>-gg-</span> 
     </span>
    </p>
   </div>
   <div class='ocr_carea' id='block_1_2' title="bbox 1410 723 2104 803">
    <p class='ocr_par' dir='ltr' id='par_1_2' title="bbox 1410 723 2104 803">
     <span class='ocr_line' id='line_1_2' title="bbox 1410 723 2104 803; baseline 0.006 -11"><span class='ocrx_word' id='word_1_2' title='bbox 1410 730 1516 803; x_wconf 70' lang='lat'>97.</span> <span class='ocrx_word' id='word_1_3' title='bbox 1590 723 2104 796; x_wconf 81' lang='lat' dir='ltr'>Caesarea.</span> 
     </span>
    </p>
   </div>
   <div class='ocr_carea' id='block_1_3' title="bbox 581 855 2929 1449">
    <p class='ocr_par' dir='ltr' id='par_1_3' title="bbox 581 855 2929 1449">
     <span class='ocr_line' id='line_1_3' title="bbox 709 855 2927 935; baseline -0 -18"><span class='ocrx_word' id='word_1_4' title='bbox 709 859 780 917; x_wconf 89' lang='lat' dir='ltr'>Iu</span> <span class='ocrx_word' id='word_1_5' title='bbox 843 856 1138 918; x_wconf 85' lang='lat' dir='ltr'><strong>Numidia</strong></span> <span class='ocrx_word' id='word_1_6' title='bbox 1192 855 1566 930; x_wconf 81' lang='lat' dir='ltr'>„Caesarea·&#39;‘</span> <span class='ocrx_word' id='word_1_7' title='bbox 1607 856 1902 935; x_wconf 83' lang='lat' dir='ltr'><strong>quaedam</strong></span> <span class='ocrx_word' id='word_1_8' title='bbox 1958 859 2075 918; x_wconf 90' lang='lat' dir='ltr'>sita</span> <span class='ocrx_word' id='word_1_9' title='bbox 2125 857 2313 919; x_wconf 89' lang='lat' dir='ltr'>fuisse</span> <span class='ocrx_word' id='word_1_10' title='bbox 2356 858 2618 930; x_wconf 85' lang='lat' dir='ltr'>videtur,</span> <span class='ocrx_word' id='word_1_11' title='bbox 2677 877 2811 918; x_wconf 92' lang='lat' dir='ltr'>cum</span> <span class='ocrx_word' id='word_1_12' title='bbox 2860 858 2927 916; x_wconf 92' lang='lat' dir='ltr'>in</span> 
     </span>
     <span class='ocr_line' id='line_1_4' title="bbox 583 941 2924 1021; baseline -0 -19"><span class='ocrx_word' id='word_1_13' title='bbox 583 944 796 1003; x_wconf 89' lang='lat' dir='ltr'>notitia</span> <span class='ocrx_word' id='word_1_14' title='bbox 852 944 1264 1021; x_wconf 91' lang='lat' dir='ltr'>episcoporum</span> <span class='ocrx_word' id='word_1_15' title='bbox 1319 941 1778 1003; x_wconf 90' lang='lat' dir='ltr'>Numidicorum</span> <span class='ocrx_word' id='word_1_16' title='bbox 1843 945 1923 1021; x_wconf 91' lang='lat' dir='ltr'>(n.</span> <span class='ocrx_word' id='word_1_17' title='bbox 1968 945 2068 1016; x_wconf 83' lang='lat'>47,</span> <span class='ocrx_word' id='word_1_18' title='bbox 2126 943 2336 1003; x_wconf 88' lang='lat' dir='ltr'>Halm.</span> <span class='ocrx_word' id='word_1_19' title='bbox 2382 943 2593 1004; x_wconf 80' lang='lat' dir='ltr'>Victor</span> <span class='ocrx_word' id='word_1_20' title='bbox 2652 942 2924 1003; x_wconf 86' lang='lat' dir='ltr'>Vitensis</span> 
     </span>
     <span class='ocr_line' id='line_1_5' title="bbox 582 1028 2926 1108; baseline -0.001 -18"><span class='ocrx_word' id='word_1_21' title='bbox 582 1050 637 1108; x_wconf 86' lang='lat' dir='ltr'>p.</span> <span class='ocrx_word' id='word_1_22' title='bbox 686 1031 790 1104; x_wconf 85' lang='lat'>65)</span> <span class='ocrx_word' id='word_1_23' title='bbox 837 1048 1000 1088; x_wconf 90' lang='lat' dir='ltr'>anno</span> <span class='ocrx_word' id='word_1_24' title='bbox 1044 1030 1169 1088; x_wconf 83' lang='lat'>484</span> <span class='ocrx_word' id='word_1_25' title='bbox 1215 1028 1523 1103; x_wconf 88' lang='lat' dir='ltr'>episcopus</span> <span class='ocrx_word' id='word_1_26' title='bbox 1554 1028 1958 1088; x_wconf 77' lang='lat' dir='ltr'>Caesariensis</span> <span class='ocrx_word' id='word_1_27' title='bbox 1990 1039 2494 1090; x_wconf 83' lang='lat' dir='ltr'><strong>commemoretur.</strong></span> <span class='ocrx_word' id='word_1_28' title='bbox 2583 1029 2732 1088; x_wconf 89' lang='lat' dir='ltr'>Item</span> <span class='ocrx_word' id='word_1_29' title='bbox 2761 1048 2926 1088; x_wconf 89' lang='lat' dir='ltr'>anno</span> 
     </span>
     <span class='ocr_line' id='line_1_6' title="bbox 581 1113 2927 1194; baseline -0.001 -20"><span class='ocrx_word' id='word_1_30' title='bbox 581 1117 702 1174; x_wconf 85' lang='lat'>411</span> <span class='ocrx_word' id='word_1_31' title='bbox 773 1115 1083 1193; x_wconf 90' lang='lat' dir='ltr'>episcopus</span> <span class='ocrx_word' id='word_1_32' title='bbox 1150 1113 1396 1192; x_wconf 89' lang='lat' dir='ltr'>quidam</span> <span class='ocrx_word' id='word_1_33' title='bbox 1464 1113 1870 1174; x_wconf 83' lang='lat' dir='ltr'>Caesariensis</span> <span class='ocrx_word' id='word_1_34' title='bbox 1941 1114 2102 1194; x_wconf 89' lang='lat' dir='ltr'>(coll.</span> <span class='ocrx_word' id='word_1_35' title='bbox 2171 1114 2374 1191; x_wconf 76' lang='lat' dir='ltr'>Carth.</span> <span class='ocrx_word' id='word_1_36' title='bbox 2445 1135 2492 1175; x_wconf 93' lang='lat' dir='ltr'>c.</span> <span class='ocrx_word' id='word_1_37' title='bbox 2566 1115 2701 1186; x_wconf 80' lang='lat'>188,</span> <span class='ocrx_word' id='word_1_38' title='bbox 2776 1115 2927 1186; x_wconf 83' lang='lat'>189;</span> 
     </span>
     <span class='ocr_line' id='line_1_7' title="bbox 583 1197 2926 1279; baseline 0 -20"><span class='ocrx_word' id='word_1_39' title='bbox 583 1201 810 1279; x_wconf 83' lang='lat' dir='ltr'>Migne,</span> <span class='ocrx_word' id='word_1_40' title='bbox 856 1209 1006 1278; x_wconf 88' lang='lat' dir='ltr'>patr.</span> <span class='ocrx_word' id='word_1_41' title='bbox 1050 1199 1152 1258; x_wconf 87' lang='lat' dir='ltr'>lat.</span> <span class='ocrx_word' id='word_1_42' title='bbox 1197 1199 1296 1259; x_wconf 94' lang='lat' dir='ltr'>XI</span> <span class='ocrx_word' id='word_1_43' title='bbox 1346 1200 1531 1276; x_wconf 87' lang='grc'>1331)</span> <span class='ocrx_word' id='word_1_44' title='bbox 1576 1198 1854 1271; x_wconf 90' lang='lat' dir='ltr'>occurrit,</span> <span class='ocrx_word' id='word_1_45' title='bbox 1900 1220 2076 1278; x_wconf 85' lang='lat' dir='ltr'>quem</span> <span class='ocrx_word' id='word_1_46' title='bbox 2122 1199 2292 1260; x_wconf 91' lang='lat' dir='ltr'>nullo</span> <span class='ocrx_word' id='word_1_47' title='bbox 2338 1200 2515 1259; x_wconf 92' lang='lat' dir='ltr'>modo</span> <span class='ocrx_word' id='word_1_48' title='bbox 2561 1199 2636 1259; x_wconf 87' lang='lat' dir='ltr'>ad</span> <span class='ocrx_word' id='word_1_49' title='bbox 2682 1197 2926 1261; x_wconf 90' lang='lat' dir='ltr'>Maure-</span> 
     </span>
     <span class='ocr_line' id='line_1_8' title="bbox 583 1284 2929 1363; baseline 0 -20"><span class='ocrx_word' id='word_1_50' title='bbox 583 1287 785 1345; x_wconf 90' lang='lat' dir='ltr'>taniae</span> <span class='ocrx_word' id='word_1_51' title='bbox 827 1284 1182 1345; x_wconf 85' lang='lat' dir='ltr'>Caesaream</span> <span class='ocrx_word' id='word_1_52' title='bbox 1227 1285 1517 1363; x_wconf 90' lang='lat' dir='ltr'>pertinere</span> <span class='ocrx_word' id='word_1_53' title='bbox 1560 1304 1734 1363; x_wconf 90' lang='lat' dir='ltr'>posse</span> <span class='ocrx_word' id='word_1_54' title='bbox 1787 1284 2084 1361; x_wconf 80' lang='lat' dir='ltr'>Dessau1)</span> <span class='ocrx_word' id='word_1_55' title='bbox 2140 1296 2352 1346; x_wconf 82' lang='lat' dir='ltr'>censet.</span> <span class='ocrx_word' id='word_1_56' title='bbox 2439 1285 2535 1345; x_wconf 89' lang='lat' dir='ltr'>De</span> <span class='ocrx_word' id='word_1_57' title='bbox 2589 1286 2707 1344; x_wconf 91' lang='lat' dir='ltr'>situ</span> <span class='ocrx_word' id='word_1_58' title='bbox 2752 1294 2811 1344; x_wconf 94' lang='lat' dir='ltr'>et</span> <span class='ocrx_word' id='word_1_59' title='bbox 2854 1285 2929 1344; x_wconf 89' lang='lat' dir='ltr'>de</span> 
     </span>
     <span class='ocr_line' id='line_1_9' title="bbox 583 1369 2925 1449; baseline -0.001 -18"><span class='ocrx_word' id='word_1_60' title='bbox 583 1371 885 1431; x_wconf 89' lang='lat' dir='ltr'>conditore</span> <span class='ocrx_word' id='word_1_61' title='bbox 938 1369 1144 1449; x_wconf 90' lang='lat' dir='ltr'>oppidi</span> <span class='ocrx_word' id='word_1_62' title='bbox 1200 1370 1358 1429; x_wconf 90' lang='lat' dir='ltr'>nihil</span> <span class='ocrx_word' id='word_1_63' title='bbox 1414 1378 1664 1431; x_wconf 88' lang='lat' dir='ltr'>constat.</span> <span class='ocrx_word' id='word_1_64' title='bbox 1754 1370 1933 1429; x_wconf 90' lang='lat' dir='ltr'>Haud</span> <span class='ocrx_word' id='word_1_65' title='bbox 1991 1371 2111 1431; x_wconf 89' lang='lat' dir='ltr'>scio</span> <span class='ocrx_word' id='word_1_66' title='bbox 2171 1391 2245 1430; x_wconf 89' lang='lat' dir='ltr'>an</span> <span class='ocrx_word' id='word_1_67' title='bbox 2293 1371 2661 1443; x_wconf 89' lang='lat' dir='ltr'>„Caesarea“</span> <span class='ocrx_word' id='word_1_68' title='bbox 2703 1391 2925 1430; x_wconf 91' lang='lat' dir='ltr'>nomen</span> 
     </span>
    </p>
   </div>
   <div class='ocr_carea' id='block_1_4' title="bbox 581 1453 2933 1620">
    <p class='ocr_par' dir='ltr' id='par_1_4' title="bbox 581 1453 2933 1620">
     <span class='ocr_line' id='line_1_10' title="bbox 585 1453 2933 1535; baseline -0 -20"><span class='ocrx_word' id='word_1_69' title='bbox 585 1457 661 1515; x_wconf 92' lang='lat' dir='ltr'>ad</span> <span class='ocrx_word' id='word_1_70' title='bbox 709 1459 1053 1534; x_wconf 90' lang='lat' dir='ltr'>Augustum</span> <span class='ocrx_word' id='word_1_71' title='bbox 1099 1464 1345 1535; x_wconf 81' lang='lat' dir='ltr'>spectet,</span> <span class='ocrx_word' id='word_1_72' title='bbox 1406 1455 1508 1534; x_wconf 90' lang='lat' dir='ltr'>qui</span> <span class='ocrx_word' id='word_1_73' title='bbox 1571 1474 1729 1515; x_wconf 90' lang='lat' dir='ltr'>anno</span> <span class='ocrx_word' id='word_1_74' title='bbox 1777 1456 1856 1516; x_wconf 82' lang='lat'>25</span> <span class='ocrx_word' id='word_1_75' title='bbox 1902 1454 2257 1516; x_wconf 86' lang='lat' dir='ltr'>Numidiam</span> <span class='ocrx_word' id='word_1_76' title='bbox 2314 1457 2372 1515; x_wconf 91' lang='lat' dir='ltr'>in</span> <span class='ocrx_word' id='word_1_77' title='bbox 2419 1453 2768 1532; x_wconf 70' lang='lat' dir='ltr'>provinciae</span> <span class='ocrx_word' id='word_1_78' title='bbox 2811 1455 2933 1516; x_wconf 89' lang='lat' dir='ltr'>for-</span> 
     </span>
     <span class='ocr_line' id='line_1_11' title="bbox 581 1538 1863 1620; baseline 0 -20"><span class='ocrx_word' id='word_1_79' title='bbox 581 1562 738 1602; x_wconf 90' lang='lat' dir='ltr'>mam</span> <span class='ocrx_word' id='word_1_80' title='bbox 783 1540 1013 1619; x_wconf 87' lang='lat' dir='ltr'>redegit</span> <span class='ocrx_word' id='word_1_81' title='bbox 1057 1540 1300 1620; x_wconf 82' lang='lat' dir='ltr'>(Strabo</span> <span class='ocrx_word' id='word_1_82' title='bbox 1344 1538 1547 1603; x_wconf 89' lang='lat' dir='ltr'><strong>XVII</strong></span> <span class='ocrx_word' id='word_1_83' title='bbox 1592 1562 1646 1616; x_wconf 90' lang='lat' dir='ltr'>p.</span> <span class='ocrx_word' id='word_1_84' title='bbox 1695 1541 1863 1617; x_wconf 87' lang='grc'>840).</span> 
     </span>
    </p>
   </div>
   <div class='ocr_carea' id='block_1_5' title="bbox 1073 1709 2463 1936">
    <p class='ocr_par' dir='ltr' id='par_1_5' title="bbox 1073 1709 2463 1936">
     <span class='ocr_line' id='line_1_12' title="bbox 1073 1709 2463 1782; baseline -0.001 -1"><span class='ocrx_word' id='word_1_85' title='bbox 1073 1711 1681 1782; x_wconf 66' lang='lat' dir='ltr'>mauretania</span> <span class='ocrx_word' id='word_1_86' title='bbox 1736 1709 2463 1782; x_wconf 67' lang='lat' dir='ltr'>Caesariensis.</span> 
     </span>
     <span class='ocr_line' id='line_1_13' title="bbox 1326 1852 2220 1936; baseline 0.003 -20"><span class='ocrx_word' id='word_1_87' title='bbox 1326 1854 1431 1917; x_wconf 76' lang='lat'>98.</span> <span class='ocrx_word' id='word_1_88' title='bbox 1502 1852 1654 1936; x_wconf 92' lang='lat' dir='ltr'>Jol</span> <span class='ocrx_word' id='word_1_89' title='bbox 1704 1852 2220 1920; x_wconf 84' lang='lat' dir='ltr'>Caesarea.</span> 
     </span>
    </p>
   </div>
   <div class='ocr_carea' id='block_1_6' title="bbox 579 1960 2934 3576">
    <p class='ocr_par' dir='ltr' id='par_1_6' title="bbox 579 1960 2934 3576">
     <span class='ocr_line' id='line_1_14' title="bbox 708 1960 2933 2042; baseline -0.001 -18"><span class='ocrx_word' id='word_1_90' title='bbox 708 1963 812 2024; x_wconf 82' lang='lat' dir='ltr'>Jol</span> <span class='ocrx_word' id='word_1_91' title='bbox 859 1961 1170 2035; x_wconf 89' lang='lat' dir='ltr'>Caesarea,</span> <span class='ocrx_word' id='word_1_92' title='bbox 1216 1981 1369 2040; x_wconf 87' lang='lat' dir='ltr'>quae</span> <span class='ocrx_word' id='word_1_93' title='bbox 1415 1960 1479 2019; x_wconf 91' lang='lat' dir='ltr'>in</span> <span class='ocrx_word' id='word_1_94' title='bbox 1526 1981 1632 2020; x_wconf 91' lang='lat' dir='ltr'>ora</span> <span class='ocrx_word' id='word_1_95' title='bbox 1675 1962 1973 2021; x_wconf 89' lang='lat' dir='ltr'>maritima</span> <span class='ocrx_word' id='word_1_96' title='bbox 2038 1963 2154 2021; x_wconf 87' lang='lat' dir='ltr'>sita</span> <span class='ocrx_word' id='word_1_97' title='bbox 2196 1970 2346 2034; x_wconf 89' lang='lat' dir='ltr'>erat,</span> <span class='ocrx_word' id='word_1_98' title='bbox 2409 1961 2495 2021; x_wconf 88' lang='lat' dir='ltr'>ita</span> <span class='ocrx_word' id='word_1_99' title='bbox 2558 1960 2726 2022; x_wconf 88' lang='lat' dir='ltr'>audit</span> <span class='ocrx_word' id='word_1_100' title='bbox 2769 1963 2933 2042; x_wconf 88' lang='lat' dir='ltr'>apud</span> 
     </span>
     <span class='ocr_line' id='line_1_15' title="bbox 581 2044 2930 2132; baseline -0.001 -23"><span class='ocrx_word' id='word_1_101' title='bbox 581 2048 936 2109; x_wconf 83' lang='lat' dir='ltr'>Strabonem</span> <span class='ocrx_word' id='word_1_102' title='bbox 984 2046 1206 2124; x_wconf 90' lang='lat' dir='ltr'>(XVII</span> <span class='ocrx_word' id='word_1_103' title='bbox 1244 2045 1408 2132; x_wconf 88' lang='grc'>831),</span> <span class='ocrx_word' id='word_1_104' title='bbox 1438 2044 1710 2105; x_wconf 88' lang='lat' dir='ltr'>Plinium</span> <span class='ocrx_word' id='word_1_105' title='bbox 1741 2047 1825 2122; x_wconf 93' lang='lat' dir='ltr'>(V</span> <span class='ocrx_word' id='word_1_106' title='bbox 1859 2048 1984 2124; x_wconf 88' lang='grc'>20),</span> <span class='ocrx_word' id='word_1_107' title='bbox 2032 2047 2259 2107; x_wconf 88' lang='lat' dir='ltr'>Melam</span> <span class='ocrx_word' id='word_1_108' title='bbox 2303 2047 2358 2124; x_wconf 94' lang='lat' dir='ltr'>(I</span> <span class='ocrx_word' id='word_1_109' title='bbox 2392 2052 2473 2124; x_wconf 86' lang='lat'>6),</span> <span class='ocrx_word' id='word_1_110' title='bbox 2518 2047 2930 2107; x_wconf 87' lang='lat' dir='ltr'>Ptolemaeum</span> 
     </span>
     <span class='ocr_line' id='line_1_16' title="bbox 579 2131 2931 2214; baseline 0 -21"><span class='ocrx_word' id='word_1_111' title='bbox 579 2134 698 2210; x_wconf 92' lang='lat' dir='ltr'>(IV</span> <span class='ocrx_word' id='word_1_112' title='bbox 745 2136 889 2206; x_wconf 60' lang='grc'>25),</span> <span class='ocrx_word' id='word_1_113' title='bbox 947 2154 1080 2194; x_wconf 90' lang='lat' dir='ltr'>cum</span> <span class='ocrx_word' id='word_1_114' title='bbox 1148 2131 1310 2211; x_wconf 90' lang='lat' dir='ltr'>apud</span> <span class='ocrx_word' id='word_1_115' title='bbox 1373 2131 1655 2192; x_wconf 88' lang='lat' dir='ltr'>Orosium</span> <span class='ocrx_word' id='word_1_116' title='bbox 1718 2132 1871 2211; x_wconf 89' lang='lat' dir='ltr'>(VII</span> <span class='ocrx_word' id='word_1_117' title='bbox 1916 2135 2110 2211; x_wconf 87' lang='lat'>33‚5)‚</span> <span class='ocrx_word' id='word_1_118' title='bbox 2178 2133 2531 2208; x_wconf 90' lang='lat' dir='ltr'>Eutropium</span> <span class='ocrx_word' id='word_1_119' title='bbox 2603 2132 2763 2211; x_wconf 80' lang='lat' dir='ltr'>(VII</span> <span class='ocrx_word' id='word_1_120' title='bbox 2813 2136 2931 2214; x_wconf 88' lang='lat'>10),</span> 
     </span>
     <span class='ocr_line' id='line_1_17' title="bbox 582 2217 2930 2297; baseline -0 -19"><span class='ocrx_word' id='word_1_121' title='bbox 582 2220 975 2278; x_wconf 90' lang='lat' dir='ltr'>Ammianum</span> <span class='ocrx_word' id='word_1_122' title='bbox 1052 2220 1172 2297; x_wconf 80' lang='lat'>(29,</span> <span class='ocrx_word' id='word_1_123' title='bbox 1190 2220 1275 2293; x_wconf 89' lang='lat'>5),</span> <span class='ocrx_word' id='word_1_124' title='bbox 1349 2217 1710 2292; x_wconf 89' lang='lat' dir='ltr'>Procopium</span> <span class='ocrx_word' id='word_1_125' title='bbox 1787 2217 2018 2287; x_wconf 89' lang='lat' dir='ltr'>(Vand.</span> <span class='ocrx_word' id='word_1_126' title='bbox 2096 2217 2160 2278; x_wconf 94' lang='lat' dir='ltr'>II</span> <span class='ocrx_word' id='word_1_127' title='bbox 2237 2220 2438 2297; x_wconf 85' lang='lat'>5‚20)‚</span> <span class='ocrx_word' id='word_1_128' title='bbox 2515 2219 2930 2280; x_wconf 82' lang='lat' dir='ltr'>Justinianum</span> 
     </span>
     <span class='ocr_line' id='line_1_18' title="bbox 580 2300 2933 2383; baseline 0 -19"><span class='ocrx_word' id='word_1_129' title='bbox 580 2303 747 2380; x_wconf 89' lang='lat' dir='ltr'>(Cod.</span> <span class='ocrx_word' id='word_1_130' title='bbox 792 2307 823 2363; x_wconf 92' lang='lat' dir='ltr'>I</span> <span class='ocrx_word' id='word_1_131' title='bbox 883 2305 1077 2383; x_wconf 61' lang='lat'>273),</span> <span class='ocrx_word' id='word_1_132' title='bbox 1138 2302 1414 2363; x_wconf 84' lang='lat' dir='ltr'>Solinum</span> <span class='ocrx_word' id='word_1_133' title='bbox 1479 2300 1744 2382; x_wconf 82' lang='lat'>(25‚16),</span> <span class='ocrx_word' id='word_1_134' title='bbox 1808 2305 1873 2362; x_wconf 91' lang='lat' dir='ltr'>in</span> <span class='ocrx_word' id='word_1_135' title='bbox 1937 2303 2170 2364; x_wconf 91' lang='lat' dir='ltr'>duobus</span> <span class='ocrx_word' id='word_1_136' title='bbox 2233 2304 2418 2363; x_wconf 90' lang='lat' dir='ltr'>titulis</span> <span class='ocrx_word' id='word_1_137' title='bbox 2477 2304 2567 2381; x_wconf 90' lang='lat' dir='ltr'>(C.</span> <span class='ocrx_word' id='word_1_138' title='bbox 2622 2305 2670 2364; x_wconf 93' lang='lat' dir='ltr'>I.</span> <span class='ocrx_word' id='word_1_139' title='bbox 2716 2303 2787 2366; x_wconf 90' lang='lat' dir='ltr'>L.</span> <span class='ocrx_word' id='word_1_140' title='bbox 2835 2304 2933 2365; x_wconf 89' lang='lat' dir='ltr'>VI</span> 
     </span>
     <span class='ocr_line' id='line_1_19' title="bbox 582 2388 2929 2469; baseline 0 -21"><span class='ocrx_word' id='word_1_141' title='bbox 582 2392 762 2462; x_wconf 82' lang='grc'>2401,</span> <span class='ocrx_word' id='word_1_142' title='bbox 811 2391 1000 2468; x_wconf 84' lang='grc'>3262)</span> <span class='ocrx_word' id='word_1_143' title='bbox 1047 2388 1224 2448; x_wconf 90' lang='lat' dir='ltr'>modo</span> <span class='ocrx_word' id='word_1_144' title='bbox 1257 2388 1626 2468; x_wconf 85' lang='lat' dir='ltr'>‚,Caesarea“</span> <span class='ocrx_word' id='word_1_145' title='bbox 1660 2399 1918 2451; x_wconf 86' lang='lat' dir='ltr'>vocetur.</span> <span class='ocrx_word' id='word_1_146' title='bbox 2007 2389 2112 2451; x_wconf 81' lang='lat' dir='ltr'>Jol</span> <span class='ocrx_word' id='word_1_147' title='bbox 2169 2389 2469 2469; x_wconf 88' lang='lat' dir='ltr'>oppidum,</span> <span class='ocrx_word' id='word_1_148' title='bbox 2514 2390 2674 2468; x_wconf 91' lang='lat' dir='ltr'>quod</span> <span class='ocrx_word' id='word_1_149' title='bbox 2705 2390 2929 2450; x_wconf 92' lang='lat' dir='ltr'>Bocchi</span> 
     </span>
     <span class='ocr_line' id='line_1_20' title="bbox 581 2474 2927 2554; baseline 0.001 -20"><span class='ocrx_word' id='word_1_150' title='bbox 581 2476 744 2553; x_wconf 85' lang='lat' dir='ltr'>regia</span> <span class='ocrx_word' id='word_1_151' title='bbox 787 2475 983 2534; x_wconf 89' lang='lat' dir='ltr'>fuerat</span> <span class='ocrx_word' id='word_1_152' title='bbox 1026 2474 1296 2552; x_wconf 87' lang='lat' dir='ltr'>(Solinus</span> <span class='ocrx_word' id='word_1_153' title='bbox 1341 2474 1378 2535; x_wconf 91' lang='lat' dir='ltr'>l.</span> <span class='ocrx_word' id='word_1_154' title='bbox 1425 2477 1531 2550; x_wconf 91' lang='lat' dir='ltr'>c.),</span> <span class='ocrx_word' id='word_1_155' title='bbox 1590 2474 1668 2534; x_wconf 84' lang='lat' dir='ltr'>ab</span> <span class='ocrx_word' id='word_1_156' title='bbox 1725 2474 1893 2536; x_wconf 83' lang='lat' dir='ltr'>Juba</span> <span class='ocrx_word' id='word_1_157' title='bbox 1937 2475 2017 2547; x_wconf 91' lang='grc' dir='ltr'>ΙΙ,</span> <span class='ocrx_word' id='word_1_158' title='bbox 2081 2475 2182 2554; x_wconf 92' lang='lat' dir='ltr'>qui</span> <span class='ocrx_word' id='word_1_159' title='bbox 2240 2495 2399 2535; x_wconf 89' lang='lat' dir='ltr'>anno</span> <span class='ocrx_word' id='word_1_160' title='bbox 2447 2477 2524 2535; x_wconf 83' lang='lat'>25</span> <span class='ocrx_word' id='word_1_161' title='bbox 2585 2496 2637 2536; x_wconf 90' lang='lat' dir='ltr'>a.</span> <span class='ocrx_word' id='word_1_162' title='bbox 2683 2475 2820 2536; x_wconf 86' lang='lat' dir='ltr'>Chr.</span> <span class='ocrx_word' id='word_1_163' title='bbox 2866 2497 2927 2537; x_wconf 92' lang='lat' dir='ltr'>n.</span> 
     </span>
     <span class='ocr_line' id='line_1_21' title="bbox 581 2559 2933 2640; baseline 0 -19"><span class='ocrx_word' id='word_1_164' title='bbox 581 2560 799 2621; x_wconf 90' lang='lat' dir='ltr'>Bocchi</span> <span class='ocrx_word' id='word_1_165' title='bbox 843 2581 1091 2640; x_wconf 87' lang='lat' dir='ltr'>regnum</span> <span class='ocrx_word' id='word_1_166' title='bbox 1140 2559 1217 2621; x_wconf 91' lang='lat' dir='ltr'>ab</span> <span class='ocrx_word' id='word_1_167' title='bbox 1251 2561 1529 2639; x_wconf 89' lang='lat' dir='ltr'>Augusto</span> <span class='ocrx_word' id='word_1_168' title='bbox 1559 2560 1803 2639; x_wconf 86' lang='lat' dir='ltr'>accepit,</span> <span class='ocrx_word' id='word_1_169' title='bbox 1851 2561 2114 2640; x_wconf 89' lang='lat' dir='ltr'>Augusti</span> <span class='ocrx_word' id='word_1_170' title='bbox 2144 2561 2207 2619; x_wconf 92' lang='lat' dir='ltr'>in</span> <span class='ocrx_word' id='word_1_171' title='bbox 2241 2561 2527 2622; x_wconf 87' lang='lat' dir='ltr'>honorem</span> <span class='ocrx_word' id='word_1_172' title='bbox 2558 2561 2933 2639; x_wconf 87' lang='lat' dir='ltr'>„Caesarea“</span> 
     </span>
     <span class='ocr_line' id='line_1_22' title="bbox 581 2645 2931 2726; baseline 0 -20"><span class='ocrx_word' id='word_1_173' title='bbox 581 2658 855 2706; x_wconf 85' lang='lat' dir='ltr'>vocatum</span> <span class='ocrx_word' id='word_1_174' title='bbox 918 2656 1007 2706; x_wconf 87' lang='lat' dir='ltr'>est</span> <span class='ocrx_word' id='word_1_175' title='bbox 1065 2646 1303 2725; x_wconf 81' lang='lat' dir='ltr'>(Strabo</span> <span class='ocrx_word' id='word_1_176' title='bbox 1348 2647 1386 2708; x_wconf 94' lang='lat' dir='ltr'>l.</span> <span class='ocrx_word' id='word_1_177' title='bbox 1433 2669 1505 2718; x_wconf 91' lang='lat' dir='ltr'>c.;</span> <span class='ocrx_word' id='word_1_178' title='bbox 1574 2647 1740 2706; x_wconf 88' lang='lat' dir='ltr'>Mela</span> <span class='ocrx_word' id='word_1_179' title='bbox 1802 2645 1839 2706; x_wconf 96' lang='lat' dir='ltr'>l.</span> <span class='ocrx_word' id='word_1_180' title='bbox 1886 2652 1979 2720; x_wconf 78' lang='lat' dir='ltr'>c.),</span> <span class='ocrx_word' id='word_1_181' title='bbox 2069 2647 2256 2707; x_wconf 91' lang='lat' dir='ltr'>Anno</span> <span class='ocrx_word' id='word_1_182' title='bbox 2319 2650 2397 2709; x_wconf 87' lang='lat'>39</span> <span class='ocrx_word' id='word_1_183' title='bbox 2458 2667 2517 2726; x_wconf 93' lang='lat' dir='ltr'>p.</span> <span class='ocrx_word' id='word_1_184' title='bbox 2577 2648 2714 2709; x_wconf 89' lang='lat' dir='ltr'>Chr.</span> <span class='ocrx_word' id='word_1_185' title='bbox 2761 2669 2819 2707; x_wconf 93' lang='lat' dir='ltr'>n.</span> <span class='ocrx_word' id='word_1_186' title='bbox 2866 2648 2931 2708; x_wconf 91' lang='lat' dir='ltr'>C.</span> 
     </span>
     <span class='ocr_line' id='line_1_23' title="bbox 581 2732 2932 2812; baseline -0 -19"><span class='ocrx_word' id='word_1_187' title='bbox 581 2733 819 2805; x_wconf 89' lang='lat' dir='ltr'>Caesar,</span> <span class='ocrx_word' id='word_1_188' title='bbox 865 2732 1227 2806; x_wconf 85' lang='lat' dir='ltr'>Ptoleman,</span> <span class='ocrx_word' id='word_1_189' title='bbox 1269 2734 1480 2792; x_wconf 89' lang='lat' dir='ltr'>ultimo</span> <span class='ocrx_word' id='word_1_190' title='bbox 1513 2733 1935 2793; x_wconf 86' lang='lat' dir='ltr'>Mauretaniae</span> <span class='ocrx_word' id='word_1_191' title='bbox 1980 2753 2131 2811; x_wconf 87' lang='lat' dir='ltr'>rege,</span> <span class='ocrx_word' id='word_1_192' title='bbox 2176 2742 2409 2794; x_wconf 88' lang='lat' dir='ltr'>mortuo</span> <span class='ocrx_word' id='word_1_193' title='bbox 2455 2753 2531 2792; x_wconf 84' lang='lat' dir='ltr'>ex</span> <span class='ocrx_word' id='word_1_194' title='bbox 2574 2753 2760 2812; x_wconf 86' lang='lat' dir='ltr'>regno</span> <span class='ocrx_word' id='word_1_195' title='bbox 2805 2733 2932 2793; x_wconf 90' lang='lat' dir='ltr'>eius</span> 
     </span>
     <span class='ocr_line' id='line_1_24' title="bbox 582 2818 2931 2897; baseline 0 -21"><span class='ocrx_word' id='word_1_196' title='bbox 582 2818 730 2878; x_wconf 88' lang='lat' dir='ltr'>duas</span> <span class='ocrx_word' id='word_1_197' title='bbox 805 2818 1142 2893; x_wconf 89' lang='lat' dir='ltr'>provincias</span> <span class='ocrx_word' id='word_1_198' title='bbox 1218 2818 1432 2890; x_wconf 87' lang='lat' dir='ltr'>effecit,</span> <span class='ocrx_word' id='word_1_199' title='bbox 1508 2839 1764 2897; x_wconf 87' lang='lat' dir='ltr'>quarum</span> <span class='ocrx_word' id='word_1_200' title='bbox 1839 2818 2122 2878; x_wconf 89' lang='lat' dir='ltr'>maiorem</span> <span class='ocrx_word' id='word_1_201' title='bbox 2197 2839 2273 2878; x_wconf 84' lang='lat' dir='ltr'>ex</span> <span class='ocrx_word' id='word_1_202' title='bbox 2346 2818 2641 2879; x_wconf 90' lang='lat' dir='ltr'>Caesarea</span> <span class='ocrx_word' id='word_1_203' title='bbox 2715 2818 2931 2893; x_wconf 92' lang='lat' dir='ltr'>oppido</span> 
     </span>
     <span class='ocr_line' id='line_1_25' title="bbox 580 2903 2934 2983; baseline -0 -20"><span class='ocrx_word' id='word_1_204' title='bbox 580 2903 1104 2976; x_wconf 88' lang='lat' dir='ltr'>„Caesariensem“</span> <span class='ocrx_word' id='word_1_205' title='bbox 1147 2904 1404 2965; x_wconf 87' lang='lat' dir='ltr'>vocavit.</span> <span class='ocrx_word' id='word_1_206' title='bbox 1494 2904 1689 2964; x_wconf 87' lang='lat' dir='ltr'>Paulo</span> <span class='ocrx_word' id='word_1_207' title='bbox 1735 2913 1871 2983; x_wconf 88' lang='lat' dir='ltr'>post</span> <span class='ocrx_word' id='word_1_208' title='bbox 1916 2925 1952 2964; x_wconf 91' lang='lat' dir='ltr'>a</span> <span class='ocrx_word' id='word_1_209' title='bbox 1996 2903 2257 2965; x_wconf 88' lang='lat' dir='ltr'>Claudio</span> <span class='ocrx_word' id='word_1_210' title='bbox 2304 2903 2661 2964; x_wconf 87' lang='lat' dir='ltr'>Caesaream</span> <span class='ocrx_word' id='word_1_211' title='bbox 2695 2905 2934 2965; x_wconf 88' lang='lat' dir='ltr'>colonia</span> 
     </span>
     <span class='ocr_line' id='line_1_26' title="bbox 581 2988 2933 3068; baseline 0 -21"><span class='ocrx_word' id='word_1_212' title='bbox 581 2988 839 3049; x_wconf 87' lang='lat' dir='ltr'>deducta</span> <span class='ocrx_word' id='word_1_213' title='bbox 869 2997 973 3063; x_wconf 89' lang='lat' dir='ltr'>est,</span> <span class='ocrx_word' id='word_1_214' title='bbox 1020 3010 1176 3068; x_wconf 89' lang='lat' dir='ltr'>quae</span> <span class='ocrx_word' id='word_1_215' title='bbox 1204 2989 1502 3061; x_wconf 89' lang='lat' dir='ltr'>„Claudia</span> <span class='ocrx_word' id='word_1_216' title='bbox 1532 2990 1866 3050; x_wconf 87' lang='lat' dir='ltr'>Caesarea“</span> <span class='ocrx_word' id='word_1_217' title='bbox 1910 2991 2065 3050; x_wconf 85' lang='lat' dir='ltr'>sive:</span> <span class='ocrx_word' id='word_1_218' title='bbox 2098 3025 2223 3062; x_wconf 90' lang='lat'>„—-</span> <span class='ocrx_word' id='word_1_219' title='bbox 2256 2990 2701 3050; x_wconf 88' lang='lat' dir='ltr'>Caesariensis“</span> <span class='ocrx_word' id='word_1_220' title='bbox 2744 2990 2933 3049; x_wconf 91' lang='lat' dir='ltr'>nomi-</span> 
     </span>
     <span class='ocr_line' id='line_1_27' title="bbox 581 3074 2931 3153; baseline 0 -20"><span class='ocrx_word' id='word_1_221' title='bbox 581 3084 730 3134; x_wconf 84' lang='lat' dir='ltr'>nat-a</span> <span class='ocrx_word' id='word_1_222' title='bbox 793 3083 881 3134; x_wconf 91' lang='lat' dir='ltr'>est</span> <span class='ocrx_word' id='word_1_223' title='bbox 942 3074 1031 3153; x_wconf 91' lang='lat' dir='ltr'>(C.</span> <span class='ocrx_word' id='word_1_224' title='bbox 1093 3076 1141 3136; x_wconf 91' lang='grc' dir='ltr'>Ι.</span> <span class='ocrx_word' id='word_1_225' title='bbox 1201 3075 1271 3134; x_wconf 92' lang='lat' dir='ltr'>L.</span> <span class='ocrx_word' id='word_1_226' title='bbox 1344 3075 1440 3135; x_wconf 92' lang='lat' dir='ltr'>VI</span> <span class='ocrx_word' id='word_1_227' title='bbox 1503 3077 1697 3146; x_wconf 87' lang='grc'>3262,</span> <span class='ocrx_word' id='word_1_228' title='bbox 1766 3075 1919 3134; x_wconf 91' lang='lat' dir='ltr'>VIII</span> <span class='ocrx_word' id='word_1_229' title='bbox 1981 3077 2178 3147; x_wconf 88' lang='grc'>9400,</span> <span class='ocrx_word' id='word_1_230' title='bbox 2242 3077 2434 3147; x_wconf 90' lang='grc'>9401,</span> <span class='ocrx_word' id='word_1_231' title='bbox 2502 3076 2738 3153; x_wconf 82' lang='grc'>10985;</span> <span class='ocrx_word' id='word_1_232' title='bbox 2803 3075 2931 3134; x_wconf 90' lang='lat' dir='ltr'>itin.</span> 
     </span>
     <span class='ocr_line' id='line_1_28' title="bbox 581 3158 2931 3241; baseline 0 -23"><span class='ocrx_word' id='word_1_233' title='bbox 581 3160 878 3221; x_wconf 87' lang='lat' dir='ltr'>Antonin.</span> <span class='ocrx_word' id='word_1_234' title='bbox 909 3181 967 3239; x_wconf 90' lang='lat' dir='ltr'>p.</span> <span class='ocrx_word' id='word_1_235' title='bbox 1000 3158 1148 3241; x_wconf 87' lang='grc'>24)..</span> <span class='ocrx_word' id='word_1_236' title='bbox 1180 3161 1364 3219; x_wconf 89' lang='lat' dir='ltr'>Anno</span> <span class='ocrx_word' id='word_1_237' title='bbox 1396 3162 1517 3221; x_wconf 85' lang='lat'>533</span> <span class='ocrx_word' id='word_1_238' title='bbox 1550 3160 1845 3221; x_wconf 89' lang='lat' dir='ltr'>Caesarea</span> <span class='ocrx_word' id='word_1_239' title='bbox 1878 3160 2177 3222; x_wconf 88' lang='lat' dir='ltr'>Vandalis</span> <span class='ocrx_word' id='word_1_240' title='bbox 2207 3160 2454 3221; x_wconf 90' lang='lat' dir='ltr'>devictis</span> <span class='ocrx_word' id='word_1_241' title='bbox 2486 3160 2563 3220; x_wconf 90' lang='lat' dir='ltr'>ab</span> <span class='ocrx_word' id='word_1_242' title='bbox 2595 3160 2931 3222; x_wconf 82' lang='lat' dir='ltr'>Justiniani</span> 
     </span>
     <span class='ocr_line' id='line_1_29' title="bbox 581 3244 2934 3325; baseline 0 -20"><span class='ocrx_word' id='word_1_243' title='bbox 581 3245 767 3324; x_wconf 88' lang='lat' dir='ltr'>copiis</span> <span class='ocrx_word' id='word_1_244' title='bbox 812 3254 1164 3325; x_wconf 84' lang='lat' dir='ltr'>expugnata</span> <span class='ocrx_word' id='word_1_245' title='bbox 1207 3255 1264 3305; x_wconf 91' lang='lat' dir='ltr'>et</span> <span class='ocrx_word' id='word_1_246' title='bbox 1308 3246 1644 3324; x_wconf 89' lang='lat' dir='ltr'>insequenti</span> <span class='ocrx_word' id='word_1_247' title='bbox 1691 3266 1871 3321; x_wconf 45' lang='lat' dir='ltr'>anno,</span> <span class='ocrx_word' id='word_1_248' title='bbox 1895 3246 2062 3306; x_wconf 86' lang='lat' dir='ltr'>sedes</span> <span class='ocrx_word' id='word_1_249' title='bbox 2109 3246 2275 3305; x_wconf 89' lang='lat' dir='ltr'>ducis</span> <span class='ocrx_word' id='word_1_250' title='bbox 2310 3247 2727 3307; x_wconf 88' lang='lat' dir='ltr'>Mauretaniae</span> <span class='ocrx_word' id='word_1_251' title='bbox 2769 3244 2934 3306; x_wconf 87' lang='lat' dir='ltr'>facta</span> 
     </span>
     <span class='ocr_line' id='line_1_30' title="bbox 580 3330 2932 3414; baseline 0 -24"><span class='ocrx_word' id='word_1_252' title='bbox 580 3340 668 3390; x_wconf 89' lang='lat' dir='ltr'>est</span> <span class='ocrx_word' id='word_1_253' title='bbox 734 3331 998 3406; x_wconf 91' lang='lat' dir='ltr'>(Procop.</span> <span class='ocrx_word' id='word_1_254' title='bbox 1054 3331 1093 3392; x_wconf 91' lang='lat' dir='ltr'>l.</span> <span class='ocrx_word' id='word_1_255' title='bbox 1140 3352 1212 3402; x_wconf 87' lang='lat' dir='ltr'>c.;</span> <span class='ocrx_word' id='word_1_256' title='bbox 1281 3331 1607 3392; x_wconf 81' lang='lat' dir='ltr'>Justiniau.</span> <span class='ocrx_word' id='word_1_257' title='bbox 1652 3331 1688 3390; x_wconf 92' lang='grc'>1.</span> <span class='ocrx_word' id='word_1_258' title='bbox 1737 3333 1809 3408; x_wconf 91' lang='lat' dir='ltr'>c.)</span> <span class='ocrx_word' id='word_1_259' title='bbox 1895 3332 1999 3393; x_wconf 83' lang='lat' dir='ltr'>Jol</span> <span class='ocrx_word' id='word_1_260' title='bbox 2054 3352 2275 3391; x_wconf 90' lang='lat' dir='ltr'>nomen</span> <span class='ocrx_word' id='word_1_261' title='bbox 2340 3352 2415 3391; x_wconf 85' lang='lat' dir='ltr'>ex</span> <span class='ocrx_word' id='word_1_262' title='bbox 2460 3333 2647 3391; x_wconf 89' lang='lat' dir='ltr'>altero</span> <span class='ocrx_word' id='word_1_263' title='bbox 2692 3330 2932 3414; x_wconf 86' lang='lat' dir='ltr'>saeculo</span> 
     </span>
     <span class='ocr_line' id='line_1_31' title="bbox 581 3416 2932 3497; baseline 0 -22"><span class='ocrx_word' id='word_1_264' title='bbox 581 3416 873 3495; x_wconf 87' lang='lat' dir='ltr'>paulatim</span> <span class='ocrx_word' id='word_1_265' title='bbox 918 3417 1218 3477; x_wconf 89' lang='lat' dir='ltr'>intercidit</span> <span class='ocrx_word' id='word_1_266' title='bbox 1271 3426 1449 3494; x_wconf 91' lang='lat' dir='ltr'>atque</span> <span class='ocrx_word' id='word_1_267' title='bbox 1503 3416 1792 3495; x_wconf 91' lang='lat' dir='ltr'>oppidum</span> <span class='ocrx_word' id='word_1_268' title='bbox 1849 3417 2012 3497; x_wconf 88' lang='lat' dir='ltr'>apud</span> <span class='ocrx_word' id='word_1_269' title='bbox 2076 3427 2304 3478; x_wconf 88' lang='lat' dir='ltr'>veteres</span> <span class='ocrx_word' id='word_1_270' title='bbox 2366 3437 2441 3476; x_wconf 83' lang='lat' dir='ltr'>ex</span> <span class='ocrx_word' id='word_1_271' title='bbox 2505 3417 2610 3477; x_wconf 92' lang='lat' dir='ltr'>illo</span> <span class='ocrx_word' id='word_1_272' title='bbox 2668 3427 2932 3495; x_wconf 90' lang='lat' dir='ltr'>tempore</span> 
     </span>
     <span class='ocr_line' id='line_1_32' title="bbox 582 3501 1517 3576; baseline 0.002 -16"><span class='ocrx_word' id='word_1_273' title='bbox 582 3502 757 3561; x_wconf 92' lang='lat' dir='ltr'>modo</span> <span class='ocrx_word' id='word_1_274' title='bbox 800 3502 1170 3576; x_wconf 83' lang='lat' dir='ltr'>„Caesarea“</span> <span class='ocrx_word' id='word_1_275' title='bbox 1217 3501 1517 3562; x_wconf 88' lang='lat' dir='ltr'>audiebat.</span> 
     </span>
    </p>
   </div>
   <div class='ocr_carea' id='block_1_7' title="bbox 1655 3678 1858 3685">
    <p class='ocr_par' dir='ltr' id='par_1_7' title="bbox 1655 3678 1858 3685">
     <span class='ocr_line' id='line_1_33' title="bbox 1655 3678 1858 3685; baseline 0 -1"><span class='ocrx_word' id='word_1_276' title='bbox 1655 3678 1858 3685; x_wconf 66' lang='lat'>—-—-—-——.</span> 
     </span>
    </p>
   </div>
   <div class='ocr_carea' id='block_1_8' title="bbox 709 3831 2938 3913">
    <p class='ocr_par' dir='ltr' id='par_1_8' title="bbox 709 3831 2938 3913">
     <span class='ocr_line' id='line_1_34' title="bbox 709 3831 2938 3913; baseline 0 -23"><span class='ocrx_word' id='word_1_277' title='bbox 709 3831 1024 3891; x_wconf 85' lang='lat' dir='ltr'>Praeterea</span> <span class='ocrx_word' id='word_1_278' title='bbox 1053 3831 1297 3906; x_wconf 87' lang='lat' dir='ltr'>Nicaea,</span> <span class='ocrx_word' id='word_1_279' title='bbox 1342 3831 1653 3913; x_wconf 89' lang='lat' dir='ltr'>Thyatira,</span> <span class='ocrx_word' id='word_1_280' title='bbox 1698 3834 1914 3913; x_wconf 84' lang='lat' dir='ltr'>Perga,</span> <span class='ocrx_word' id='word_1_281' title='bbox 1961 3831 2129 3904; x_wconf 89' lang='lat' dir='ltr'>Cadi,</span> <span class='ocrx_word' id='word_1_282' title='bbox 2161 3851 2491 3910; x_wconf 86' lang='lat' dir='ltr'>cognomen</span> <span class='ocrx_word' id='word_1_283' title='bbox 2524 3831 2938 3910; x_wconf 85' lang='lat' dir='ltr'>„Augustiae“</span> 
     </span>
    </p>
   </div>
   <div class='ocr_carea' id='block_1_9' title="bbox 583 3916 2936 4080">
    <p class='ocr_par' dir='ltr' id='par_1_9' title="bbox 583 3916 2936 4080">
     <span class='ocr_line' id='line_1_35' title="bbox 583 3916 2936 4079; baseline 0 -105"><span class='ocrx_word' id='word_1_284' title='bbox 583 3925 955 4062; x_wconf 52' lang='grc' dir='ltr'>ἓέιῗρὲῐέιῧηῑ,</span> <span class='ocrx_word' id='word_1_285' title='bbox 980 3917 1163 4079; x_wconf 42' lang='lat' dir='ltr'>§Egi</span> <span class='ocrx_word' id='word_1_286' title='bbox 1209 3938 1334 3977; x_wconf 91' lang='lat' dir='ltr'>non</span> <span class='ocrx_word' id='word_1_287' title='bbox 1380 3919 1496 3978; x_wconf 89' lang='lat' dir='ltr'>nisi</span> <span class='ocrx_word' id='word_1_288' title='bbox 1541 3920 1603 3978; x_wconf 90' lang='lat' dir='ltr'>in</span> <span class='ocrx_word' id='word_1_289' title='bbox 1654 3917 1914 3979; x_wconf 90' lang='lat' dir='ltr'>nummis</span> <span class='ocrx_word' id='word_1_290' title='bbox 1959 3918 2215 3978; x_wconf 92' lang='lat' dir='ltr'>occurrit</span> <span class='ocrx_word' id='word_1_291' title='bbox 2258 3917 2455 3995; x_wconf 88' lang='lat' dir='ltr'>(Head</span> <span class='ocrx_word' id='word_1_292' title='bbox 2487 3920 2557 3977; x_wconf 92' lang='lat' dir='ltr'>H.</span> <span class='ocrx_word' id='word_1_293' title='bbox 2590 3916 2667 3977; x_wconf 89' lang='lat' dir='ltr'>N.</span> <span class='ocrx_word' id='word_1_294' title='bbox 2700 3938 2753 3993; x_wconf 90' lang='lat' dir='ltr'>p.</span> <span class='ocrx_word' id='word_1_295' title='bbox 2789 3918 2936 3990; x_wconf 83' lang='lat'>554,</span> 
     </span>
     <span class='ocr_line' id='line_1_36' title="bbox 712 4048 1146 4080; baseline 0 -16"><span class='ocrx_word' id='word_1_296' title='bbox 712 4051 726 4080; x_wconf 91' lang='lat'>,</span> <span class='ocrx_word' id='word_1_297' title='bbox 901 4048 916 4074; x_wconf 91' lang='lat'>,</span> <span class='ocrx_word' id='word_1_298' title='bbox 1135 4052 1146 4064; x_wconf 95' lang='lat'>.</span> 
     </span>
    </p>
   </div>
   <div class='ocr_carea' id='block_1_10' title="bbox 598 4142 1005 4149">
    <p class='ocr_par' dir='ltr' id='par_1_10' title="bbox 598 4142 1005 4149">
     <span class='ocr_line' id='line_1_37' title="bbox 598 4142 1005 4149; baseline 0 0"><span class='ocrx_word' id='word_1_299' title='bbox 598 4142 1005 4149; x_wconf 95' lang='lat' dir='ltr'> </span> 
     </span>
    </p>
   </div>
   <div class='ocr_carea' id='block_1_11' title="bbox 720 4205 1663 4274">
    <p class='ocr_par' dir='ltr' id='par_1_11' title="bbox 720 4205 1663 4274">
     <span class='ocr_line' id='line_1_38' title="bbox 720 4205 1663 4274; baseline 0 -16"><span class='ocrx_word' id='word_1_300' title='bbox 720 4207 759 4271; x_wconf 84' lang='lat' dir='ltr'>l)</span> <span class='ocrx_word' id='word_1_301' title='bbox 801 4205 1261 4274; x_wconf 80' lang='lat' dir='ltr'>Pauly-Wissowa</span> <span class='ocrx_word' id='word_1_302' title='bbox 1297 4206 1386 4258; x_wconf 86' lang='lat'>111</span> <span class='ocrx_word' id='word_1_303' title='bbox 1427 4223 1475 4273; x_wconf 91' lang='lat' dir='ltr'>p.</span> <span class='ocrx_word' id='word_1_304' title='bbox 1520 4207 1663 4259; x_wconf 80' lang='grc'>1295.</span> 
     </span>
    </p>
   </div>
  </div>
 </body>
</html>
