3414 5193
1513 469 1935 528 -72-

743 644 847 707 61.
923 641 1367 724 Augusta
1414 638 2051 705 Suessionum
2104 671 2180 701 -.=
2228 639 2718 706 Soissons.

678 758 954 837 Augusta
997 756 1404 828 Suessionum,
1441 757 1519 818 ad
1549 758 1830 818 Axonam
1865 756 2086 819 flumen
2130 759 2262 831 sita,
2295 758 2458 838 apud
2489 757 2898 820 Ptolemaeum

551 844 631 918 (II
688 844 853 917 9,11)
921 853 979 904 et
1046 843 1110 902 in
1168 842 1472 904 itinerario
1549 843 1852 904 Antonini
1930 848 2013 923 (p.
2073 846 2220 921 379)
2297 844 2490 904 audit:
2573 846 2901 923 „Augusta

549 928 956 991 Suessonum“
981 935 1362 1001 (ουεσσόνων),
1392 929 1456 987 in
1487 928 1699 989 tabula
1721 929 2219 1008 Peutingeriana:
2272 931 2467 1009 „Aug.
2488 929 2901 1003 Suessorum“,

547 1013 611 1074 in
656 1013 910 1075 miliario
954 1015 1214 1094 quodam
1261 1017 1526 1092 (Henzen
1560 1035 1618 1075 n.
1653 1015 1872 1088 5236);
1962 1016 2161 1093 „Aug.
2197 1014 2640 1076 Suessionum“.
2708 1016 2902 1077 Recta

546 1099 744 1160 forma
788 1099 1053 1161 nominis
1098 1101 1331 1160 videtur
1373 1119 1529 1160 esse:
1586 1099 2034 1177 „Suessiones“‚
2081 1120 2216 1161 cum
2262 1101 2326 1159 in
2372 1100 2649 1161 Caesaris
2697 1101 2775 1179 (b.
2822 1100 2900 1163 G.

551 1184 618 1245 II
664 1188 746 1260 3),
804 1185 964 1245 Livii
1019 1185 1205 1264 (Epit.
1274 1186 1430 1259 104),
1494 1185 1733 1246 Lucani
1793 1186 1854 1262 (Ι
1896 1187 2065 1258 423),
2124 1185 2310 1245 Plinii
2358 1186 2439 1262 (n.
2484 1185 2539 1247 h.
2583 1185 2680 1246 IV
2732 1187 2898 1265 106),

549 1269 855 1331 codicibus
885 1271 1058 1331 modo
1090 1270 1528 1343 „Suessiones“,
1573 1270 1749 1331 modo
1778 1270 2179 1344 „Suessones“
2206 1272 2548 1346 reperiatur.
2578 1270 2655 1331 In
2688 1273 2904 1332 notitia

551 1354 897 1417 Galliarum
958 1357 1076 1434 (IV
1123 1358 1183 1434 3)
1239 1356 1524 1437 oppidum
1582 1365 1865 1416 vocatur:
1933 1355 2185 1435 „civitas
2240 1356 2685 1437 Suessionum&
2722 1367 2904 1436 atque

552 1440 714 1521 apud
794 1441 1151 1521 Gregorium
1236 1442 1646 1502 Turonensem
1734 1448 1958 1517 (saepe)
2036 1441 2412 1514 „Suessonae
2485 1441 2678 1502 urbs“.
2798 1443 2903 1503 Ab

552 1529 831 1605 Augusto
889 1528 1071 1606 capiti
1127 1527 1534 1600 Suessionum,
1588 1527 1748 1606 quod
1805 1528 1971 1606 prius
2032 1527 2543 1600 „Noviodunum“
2593 1527 2782 1603 (Caes.
2843 1527 2900 1589 b.

553 1611 629 1674 G.
674 1611 742 1672 II.
792 1613 891 1692 12)
947 1612 1240 1686 audiebat,
1302 1621 1455 1673 certe
1511 1613 1716 1673 eodem
1781 1622 2042 1691 tempore
2105 1621 2283 1692 atque
2343 1612 2897 1673 Viromanduorum

553 1698 752 1776 capiti,
796 1699 1146 1777 „Augusta“
1191 1719 1410 1759 nomen
1457 1698 1800 1778 impositum
1846 1708 1950 1768 est,
2004 1697 2165 1777 quod
2212 1698 2571 1759 Diocletiani
2607 1699 2901 1760 Constan-

553 1783 740 1843 tinive
802 1792 995 1844 aetate
1052 1784 1362 1857 intercidit,
1421 1784 1507 1843 ita
1567 1793 1632 1843 ut
1684 1783 1971 1863 oppidum
2038 1803 2113 1844 ex
2170 1783 2276 1843 illo
2335 1794 2599 1863 tempore
2644 1784 2901 1845 audiret:

556 1868 982 1942 „Suessionum
1057 1869 1302 1930 civitas“
1388 1869 1486 1929 vel
1550 1868 1975 1941 „Suessionae“
2065 1869 2162 1929 vel
2248 1868 2694 1942 „Suessiones'·“
2745 1870 2907 1931 unde

552 1953 910 2015 hodiernum
957 1975 1179 2015 nomen
1223 1954 1579 2033 ,‚Soissons“
1623 1974 1752 2015 esse
1795 1964 2072 2014 exortum
2120 1964 2387 2034 apparet.

829 2109 933 2171 62.
997 2107 1443 2190 Augusta
1491 2106 2151 2173 Treverorum
2201 2135 2277 2164 =
2329 2106 2636 2171 Trier.

685 2233 964 2312 Augusta
1009 2231 1422 2306 Treverorum,
1468 2252 1621 2311 quae
1667 2232 1745 2293 ad
1775 2232 2098 2294 Mosellam
2144 2234 2262 2293 sita
2295 2242 2438 2306 erat,
2486 2232 2648 2311 apud
2679 2231 2904 2293 Melam

557 2319 680 2394 (III
726 2322 789 2394 2)
849 2318 1097 2379 dicitur:
1155 2318 1335 2391 „urbs
1396 2317 1851 2397 opulentissima
1908 2319 1971 2377 in
2028 2318 2302 2379 Treveris
2361 2319 2687 2397 Augusta“,
2742 2317 2905 2397 apud

556 2404 829 2464 Tacitum
865 2403 1020 2476 (hist.
1052 2403 1149 2464 IV
1185 2408 1280 2476 62,
1331 2406 1464 2481 72);
1522 2403 1792 2476 „colonia
1821 2403 2268 2476 Treverorum“,
2300 2404 2462 2482 apud
2493 2403 2904 2464 Ptolemaeum

558 2490 650 2566 (11
698 2491 752 2561 9,
821 2492 951 2566 12);
1026 2496 1355 2565 ..Ἀιὶγοὺοτα
1407 2496 1736 2568 Τριβὴρων“,
1803 2489 1867 2548 in
1930 2489 2120 2549 titulis
2187 2489 2277 2566 (G.
2330 2490 2380 2549 Ι.
2427 2489 2497 2549 L.
2543 2487 2642 2550 ΙΙΙ
2709 2491 2908 2567 4153;

557 2574 930 2636 Brambach:
998 2575 1063 2637 C.
1108 2576 1155 2636 Ι.
1201 2574 1316 2636 Rh.
1367 2578 1503 2649 770,
1558 2577 1720 2637 1936
1768 2595 1819 2636 a.
1875 2577 2013 2644 121,
2080 2577 2235 2637 1937
2286 2596 2337 2636 a.
2391 2577 2560 2654 139):
2628 2574 2911 2648 „colonia

558 2663 840 2739 Augusta
898 2660 1347 2722 Treverorum“.
1433 2661 1767 2722 Poster10re
1831 2670 2024 2722 aetate
2091 2670 2287 2722 autem
2357 2661 2643 2741 oppidum
2706 2661 2905 2721 audit:

558 2747 809 2826 „civitas
853 2746 1288 2809 Treverorum“
1322 2751 1465 2822 (not.
1511 2745 1673 2808 Gall.
1706 2747 1770 2807 V
1809 2748 1874 2820 2;
1921 2747 1987 2808 C.
2018 2748 2067 2807 I.
2097 2747 2166 2807 L.
2199 2747 2300 2808 III
2332 2746 2668 2820 52·15)‚.vel
2700 2746 2906 2806 modo:

558 2831 876 2905 „Treveri“
949 2833 1335 2902 (Ammianus
1404 2833 1531 2894 XV
1584 2836 1679 2905 11,
1751 2835 1823 2905 9;
1886 2832 2050 2893 XVI
2096 2835 2154 2910 3,
2201 2835 2265 2905 3;
2332 2832 2460 2891 itin.
2506 2832 2806 2892 Antonin.
2851 2852 2905 2911 p.

561 2917 707 2990 240,
777 2920 918 2990 366,
988 2920 1165 2992 371);
1235 2918 1395 2997 apud
1464 2918 1860 2980 Sozomenum
1929 2918 2169 2979 demum
2240 2917 2399 2992 (hist.
2445 2916 2644 2978 eccles.
2690 2918 2756 2977 II
2802 2919 2905 2996 27)

558 3002 755 3063 forma
797 3003 1128 3077 „Triveris“
1172 3013 1232 3064 et
1275 3003 1434 3083 apud
1482 3004 1901 3065 Ravennatem
1950 3004 2068 3081 (IV
2101 3006 2204 3082 26)
2250 3004 2560 3076 „Treoris“
2599 3003 2907 3081 reperitur.

558 3091 841 3168 Augusta
883 3089 1272 3150 Treverorum
1340 3089 1545 3150 eodem
1611 3089 1737 3150 fere
1802 3099 2080 3165 tempore,
2147 3099 2324 3168 atque
2373 3091 2648 3168 Augusta
2691 3088 2907 3149 Rauri-

557 3194 758 3234 corum
818 3183 877 3235 et
920 3175 1201 3254 Augusta
1255 3174 1661 3247 Suessionum,
1717 3174 1968 3235 fortasse
2027 3176 2188 3235 intra
2247 3195 2439 3234 annos
2507 3175 2773 3247 16-13,
2832 3172 2910 3234 ab

560 3260 856 3339 August0,
901 3269 968 3319 ut
1010 3260 1399 3321 Treverorum
1446 3269 1600 3320 esset
1641 3269 1834 3336 caput,
1881 3260 2124 3321 condita
2166 3269 2268 3332 est,
2314 3259 2417 3320 sed
2461 3260 2760 3321 coloniam
2807 3258 2909 3319 ille

561 3365 630 3405 eo
675 3366 798 3404 non
846 3344 1111 3418 deduxit,
1155 3355 1222 3404 ut
1263 3366 1337 3406 ex
1381 3346 1624 3406 nomine
1668 3346 1798 3424 ipso
1830 3355 2008 3424 atque
2052 3366 2128 3406 ex
2159 3344 2357 3406 Melae
2401 3344 2600 3406 verbis
2633 3354 2909 3425 apparet3

564 3430 804 3503 accedit,
849 3430 1008 3509 quod
1053 3430 1286 3491 Plinius
1331 3430 1603 3491 coloniae
1632 3432 1995 3492 mentionem
2041 3451 2160 3492 non
2209 3430 2370 3493 facit.
2421 3431 2681 3492 Colonia
2709 3430 2909 3508 potius

564 3536 601 3576 a
645 3515 904 3576 Claudio
970 3536 1039 3576 eo
1105 3516 1362 3577 deducta
1427 3536 1555 3577 esse
1616 3516 1853 3577 videtur
1903 3517 1990 3595 (C.
2048 3517 2099 3578 Ι.
2143 3517 2212 3576 L.
2259 3516 2361 3576 III
2413 3518 2617 3594 4153).
2706 3515 2912 3575 Tertio

556 3601 793 3662 saeculo
870 3601 1157 3680 paulatim
1203 3603 1560 3682 „Augusta“
1628 3622 1850 3663 nomen
1919 3602 2221 3663 intercidit
2285 3602 2541 3681 indeque
2614 3600 2905 3681 oppidum

563 3686 872 3748 audiebat:
931 3687 1179 3759 „civitas
1223 3688 1654 3749 Treverorum“
1705 3708 1811 3748 seu
1865 3688 2042 3748 modo
2087 3688 2401 3761 „Treveri“
2445 3687 2542 3748 vel
2586 3687 2911 3760 „Treoris“,

562 3772 720 3831 unde
762 3772 1054 3834 hodierna
1095 3772 1290 3833 forma
1334 3774 1570 3846 „Trier“
1613 3783 1819 3834 exorta
1861 3783 1965 3834 est.

1205 3969 1719 4042 Gen-mania
1771 3969 2280 4057 supet-ion.

832 4112 935 4176 63.
1010 4114 1456 4196 Augusta
1504 4112 2160 4177 Rauricorum
2213 4144 2286 4171 -τ
2341 4112 2664 4195 Augst.

708 4237 982 4315 Augusta
1011 4238 1421 4311 Rauricorum,
1470 4238 1544 4298 ad
1578 4238 1856 4302 Rhenum
1905 4238 2037 4316 sita,
2084 4237 2244 4315 apud
2279 4236 2544 4298 Plinium
2580 4237 2700 4314 (IV
2739 4238 2907 4313 106):

565 4322 710 4396 „col
756 4322 1076 4402 Raurica“,
1146 4324 1308 4403 apud
1352 4322 1762 4385 Ptolemaeum
1808 4325 1895 4400 (ΙΙ
1941 4325 2132 4402 9,18);
2199 4330 2514 4400 ,,Αὕγούοτα
2547 4328 2917 4403 Ῥαυρικαῖν“,
