<?xml version="1.0" encoding="UTF-8"?>
<!DOCTYPE html PUBLIC "-//W3C//DTD XHTML 1.0 Transitional//EN"
    "http://www.w3.org/TR/xhtml1/DTD/xhtml1-transitional.dtd">
<html xmlns="http://www.w3.org/1999/xhtml" xml:lang="en" lang="en">
 <head>
  <title>
</title>
<meta http-equiv="Content-Type" content="text/html;charset=utf-8" />
  <meta name='ocr-system' content='tesseract 3.04.00' />
  <meta name='ocr-capabilities' content='ocr_page ocr_carea ocr_par ocr_line ocrx_word'/>
</head>
<body>
  <div class='ocr_page' id='page_1' title='image "./decoloniisoppid00assmgoog_0109.png"; bbox 0 0 3414 5193; ppageno 0'>
   <div class='ocr_carea' id='block_1_1' title="bbox 1445 489 1911 548">
    <p class='ocr_par' dir='ltr' id='par_1_1' title="bbox 1445 489 1911 548">
     <span class='ocr_line' id='line_1_1' title="bbox 1445 489 1911 548; baseline 0.004 -2"><span class='ocrx_word' id='word_1_1' title='bbox 1445 489 1911 548; x_wconf 87' lang='lat'>-105—</span> 
     </span>
    </p>
   </div>
   <div class='ocr_carea' id='block_1_2' title="bbox 462 657 2809 909">
    <p class='ocr_par' dir='ltr' id='par_1_2' title="bbox 462 657 2809 909">
     <span class='ocr_line' id='line_1_2' title="bbox 463 657 2809 738; baseline -0.001 -17"><span class='ocrx_word' id='word_1_2' title='bbox 463 663 541 738; x_wconf 90' lang='lat' dir='ltr'>(p.</span> <span class='ocrx_word' id='word_1_3' title='bbox 601 660 754 732; x_wconf 82' lang='lat'>429,</span> <span class='ocrx_word' id='word_1_4' title='bbox 798 660 948 734; x_wconf 83' lang='lat'><strong>431)</strong></span> <span class='ocrx_word' id='word_1_5' title='bbox 1015 667 1214 719; x_wconf 81' lang='lat' dir='ltr'>autem</span> <span class='ocrx_word' id='word_1_6' title='bbox 1281 658 1491 719; x_wconf 85' lang='lat' dir='ltr'>modo:</span> <span class='ocrx_word' id='word_1_7' title='bbox 1555 658 1956 738; x_wconf 86' lang='lat' dir='ltr'>„Bergidum“</span> <span class='ocrx_word' id='word_1_8' title='bbox 2035 657 2217 720; x_wconf 90' lang='lat' dir='ltr'>audit.</span> <span class='ocrx_word' id='word_1_9' title='bbox 2328 658 2637 738; x_wconf 83' lang='lat' dir='ltr'>Oppidum</span> <span class='ocrx_word' id='word_1_10' title='bbox 2699 658 2809 719; x_wconf 89' lang='lat' dir='ltr'>sub</span> 
     </span>
     <span class='ocr_line' id='line_1_3' title="bbox 462 743 2804 823; baseline -0 -18"><span class='ocrx_word' id='word_1_11' title='bbox 462 743 843 820; x_wconf 82' lang='lat' dir='ltr'><strong>Vespasiano</strong></span> <span class='ocrx_word' id='word_1_12' title='bbox 885 743 1241 817; x_wconf 87' lang='lat' dir='ltr'>„Flavium“</span> <span class='ocrx_word' id='word_1_13' title='bbox 1284 764 1615 823; x_wconf 84' lang='lat' dir='ltr'>cognomen</span> <span class='ocrx_word' id='word_1_14' title='bbox 1660 746 1921 823; x_wconf 82' lang='lat' dir='ltr'>accepit,</span> <span class='ocrx_word' id='word_1_15' title='bbox 1976 744 2137 823; x_wconf 89' lang='lat' dir='ltr'>quod</span> <span class='ocrx_word' id='word_1_16' title='bbox 2181 746 2352 805; x_wconf 86' lang='lat' dir='ltr'>tertio</span> <span class='ocrx_word' id='word_1_17' title='bbox 2398 744 2638 805; x_wconf 87' lang='lat' dir='ltr'>saeculo</span> <span class='ocrx_word' id='word_1_18' title='bbox 2685 745 2804 804; x_wconf 85' lang='lat' dir='ltr'>iam</span> 
     </span>
     <span class='ocr_line' id='line_1_4' title="bbox 462 829 2545 909; baseline 0 -19"><span class='ocrx_word' id='word_1_19' title='bbox 462 830 861 903; x_wconf 79' lang='lat' dir='ltr'>interciderat,</span> <span class='ocrx_word' id='word_1_20' title='bbox 907 850 1042 890; x_wconf 86' lang='lat' dir='ltr'>cum</span> <span class='ocrx_word' id='word_1_21' title='bbox 1087 829 1404 894; x_wconf 88' lang='lat' dir='ltr'>Hadriano</span> <span class='ocrx_word' id='word_1_22' title='bbox 1447 830 1779 909; x_wconf 83' lang='lat' dir='ltr'>imperante</span> <span class='ocrx_word' id='word_1_23' title='bbox 1822 830 2004 891; x_wconf 88' lang='lat' dir='ltr'>etiam</span> <span class='ocrx_word' id='word_1_24' title='bbox 2049 831 2328 890; x_wconf 85' lang='lat' dir='ltr'>usitatum</span> <span class='ocrx_word' id='word_1_25' title='bbox 2375 839 2545 891; x_wconf 86' lang='lat' dir='ltr'>esset.</span> 
     </span>
    </p>
   </div>
   <div class='ocr_carea' id='block_1_3' title="bbox 1106 964 2168 1048">
    <p class='ocr_par' dir='ltr' id='par_1_3' title="bbox 1106 964 2168 1048">
     <span class='ocr_line' id='line_1_5' title="bbox 1106 964 2168 1048; baseline -0.002 -19"><span class='ocrx_word' id='word_1_26' title='bbox 1106 965 1246 1030; x_wconf 90' lang='grc'><strong>133.</strong></span> <span class='ocrx_word' id='word_1_27' title='bbox 1318 964 1660 1029; x_wconf 90' lang='lat' dir='ltr'>Flavia</span> <span class='ocrx_word' id='word_1_28' title='bbox 1710 966 2168 1048; x_wconf 89' lang='lat' dir='ltr'>Augusta.</span> 
     </span>
    </p>
   </div>
   <div class='ocr_carea' id='block_1_4' title="bbox 460 1088 2811 1512">
    <p class='ocr_par' dir='ltr' id='par_1_4' title="bbox 460 1088 2811 1512">
     <span class='ocr_line' id='line_1_6' title="bbox 586 1088 2798 1170; baseline 0 -20"><span class='ocrx_word' id='word_1_29' title='bbox 586 1093 658 1150; x_wconf 93' lang='lat' dir='ltr'>In</span> <span class='ocrx_word' id='word_1_30' title='bbox 726 1090 929 1162; x_wconf 88' lang='lat' dir='ltr'>titulo,</span> <span class='ocrx_word' id='word_1_31' title='bbox 991 1089 1334 1150; x_wconf 59' lang='lat' dir='ltr'>Tarracone</span> <span class='ocrx_word' id='word_1_32' title='bbox 1401 1092 1463 1149; x_wconf 89' lang='lat' dir='ltr'>in</span> <span class='ocrx_word' id='word_1_33' title='bbox 1527 1090 1747 1169; x_wconf 86' lang='lat' dir='ltr'>oppido</span> <span class='ocrx_word' id='word_1_34' title='bbox 1809 1099 2040 1170; x_wconf 89' lang='lat' dir='ltr'>reperto</span> <span class='ocrx_word' id='word_1_35' title='bbox 2106 1088 2195 1167; x_wconf 79' lang='lat' dir='ltr'>(G.</span> <span class='ocrx_word' id='word_1_36' title='bbox 2241 1091 2288 1150; x_wconf 90' lang='grc' dir='ltr'>Ι.</span> <span class='ocrx_word' id='word_1_37' title='bbox 2350 1091 2419 1150; x_wconf 80' lang='lat' dir='ltr'>L.</span> <span class='ocrx_word' id='word_1_38' title='bbox 2479 1091 2545 1150; x_wconf 89' lang='lat' dir='ltr'>H</span> <span class='ocrx_word' id='word_1_39' title='bbox 2590 1092 2798 1167; x_wconf 88' lang='lat'>4196),</span> 
     </span>
     <span class='ocr_line' id='line_1_7' title="bbox 460 1174 2807 1256; baseline 0 -22"><span class='ocrx_word' id='word_1_40' title='bbox 460 1174 682 1236; x_wconf 75' lang='lat' dir='ltr'>flamen&#39;</span> <span class='ocrx_word' id='word_1_41' title='bbox 756 1175 1385 1254; x_wconf 86' lang='lat' dir='ltr'>,‚Flaviaugustanus“</span> <span class='ocrx_word' id='word_1_42' title='bbox 1457 1177 1737 1248; x_wconf 89' lang='lat' dir='ltr'>occurrit,</span> <span class='ocrx_word' id='word_1_43' title='bbox 1812 1177 1915 1255; x_wconf 88' lang='lat' dir='ltr'>qui</span> <span class='ocrx_word' id='word_1_44' title='bbox 1988 1176 2066 1236; x_wconf 89' lang='lat' dir='ltr'>ad</span> <span class='ocrx_word' id='word_1_45' title='bbox 2140 1176 2428 1256; x_wconf 86' lang='lat' dir='ltr'>oppidum</span> <span class='ocrx_word' id='word_1_46' title='bbox 2504 1176 2807 1254; x_wconf 86' lang='lat' dir='ltr'>quoddam</span> 
     </span>
     <span class='ocr_line' id='line_1_8' title="bbox 461 1260 2807 1340; baseline 0 -20"><span class='ocrx_word' id='word_1_47' title='bbox 461 1260 779 1334; x_wconf 86' lang='lat' dir='ltr'>„Flaviam</span> <span class='ocrx_word' id='word_1_48' title='bbox 828 1262 1207 1340; x_wconf 89' lang='lat' dir='ltr'>Augustam“</span> <span class='ocrx_word' id='word_1_49' title='bbox 1248 1262 1542 1336; x_wconf 86' lang='lat' dir='ltr'>pertinere</span> <span class='ocrx_word' id='word_1_50' title='bbox 1588 1262 1840 1334; x_wconf 89' lang='lat' dir='ltr'>videtur,</span> <span class='ocrx_word' id='word_1_51' title='bbox 1887 1262 2055 1321; x_wconf 89' lang='lat' dir='ltr'>cuius</span> <span class='ocrx_word' id='word_1_52' title='bbox 2100 1262 2175 1322; x_wconf 90' lang='lat' dir='ltr'>de</span> <span class='ocrx_word' id='word_1_53' title='bbox 2204 1263 2324 1322; x_wconf 89' lang='lat' dir='ltr'>situ</span> <span class='ocrx_word' id='word_1_54' title='bbox 2353 1261 2508 1321; x_wconf 89' lang='lat' dir='ltr'>nihil</span> <span class='ocrx_word' id='word_1_55' title='bbox 2547 1270 2807 1334; x_wconf 87' lang='lat' dir='ltr'>constat3</span> 
     </span>
     <span class='ocr_line' id='line_1_9' title="bbox 461 1346 2811 1427; baseline 0 -21"><span class='ocrx_word' id='word_1_56' title='bbox 461 1346 718 1419; x_wconf 83' lang='lat' dir='ltr'>„Flavia</span> <span class='ocrx_word' id='word_1_57' title='bbox 762 1348 1078 1425; x_wconf 85' lang='lat' dir='ltr'>Augusta“</span> <span class='ocrx_word' id='word_1_58' title='bbox 1120 1346 1592 1426; x_wconf 81' lang='lat' dir='ltr'>septemtrionali</span> <span class='ocrx_word' id='word_1_59' title='bbox 1637 1346 1734 1408; x_wconf 89' lang='lat' dir='ltr'>vel</span> <span class='ocrx_word' id='word_1_60' title='bbox 1780 1346 2135 1407; x_wconf 86' lang='lat' dir='ltr'>occidentali</span> <span class='ocrx_word' id='word_1_61' title='bbox 2177 1348 2238 1407; x_wconf 89' lang='lat' dir='ltr'>in</span> <span class='ocrx_word' id='word_1_62' title='bbox 2268 1356 2436 1427; x_wconf 86' lang='lat' dir='ltr'>parte</span> <span class='ocrx_word' id='word_1_63' title='bbox 2464 1347 2811 1426; x_wconf 89' lang='lat' dir='ltr'>provinciae</span> 
     </span>
     <span class='ocr_line' id='line_1_10' title="bbox 462 1431 2198 1512; baseline 0.001 -20"><span class='ocrx_word' id='word_1_64' title='bbox 462 1432 927 1493; x_wconf 87' lang='lat' dir='ltr'>Tarraconensis</span> <span class='ocrx_word' id='word_1_65' title='bbox 972 1453 1010 1492; x_wconf 87' lang='lat' dir='ltr'>a</span> <span class='ocrx_word' id='word_1_66' title='bbox 1054 1431 1437 1512; x_wconf 81' lang='lat' dir='ltr'>Vespasiano</span> <span class='ocrx_word' id='word_1_67' title='bbox 1481 1432 1728 1493; x_wconf 86' lang='lat' dir='ltr'>condita</span> <span class='ocrx_word' id='word_1_68' title='bbox 1770 1453 1901 1493; x_wconf 87' lang='lat' dir='ltr'>esse</span> <span class='ocrx_word' id='word_1_69' title='bbox 1942 1432 2198 1493; x_wconf 88' lang='lat' dir='ltr'>videtur.</span> 
     </span>
    </p>
   </div>
   <div class='ocr_carea' id='block_1_5' title="bbox 1202 1568 2106 1633">
    <p class='ocr_par' dir='ltr' id='par_1_5' title="bbox 1202 1568 2106 1633">
     <span class='ocr_line' id='line_1_11' title="bbox 1202 1568 2106 1633; baseline 0.002 -3"><span class='ocrx_word' id='word_1_70' title='bbox 1202 1568 1344 1633; x_wconf 83' lang='lat'>134.</span> <span class='ocrx_word' id='word_1_71' title='bbox 1419 1568 2106 1633; x_wconf 83' lang='lat' dir='ltr'>Flavionavia.</span> 
     </span>
    </p>
   </div>
   <div class='ocr_carea' id='block_1_6' title="bbox 462 1693 2813 2201">
    <p class='ocr_par' dir='ltr' id='par_1_6' title="bbox 462 1693 2813 2201">
     <span class='ocr_line' id='line_1_12' title="bbox 586 1693 2810 1774; baseline -0.001 -19"><span class='ocrx_word' id='word_1_72' title='bbox 586 1693 1009 1767; x_wconf 78' lang='lat' dir='ltr'>Flavionavia,</span> <span class='ocrx_word' id='word_1_73' title='bbox 1066 1696 1350 1755; x_wconf 72' lang='lat' dir='ltr'>Astur-iae</span> <span class='ocrx_word' id='word_1_74' title='bbox 1403 1694 1715 1774; x_wconf 86' lang='lat' dir='ltr'>oppidum,</span> <span class='ocrx_word' id='word_1_75' title='bbox 1778 1695 1938 1773; x_wconf 88' lang='lat' dir='ltr'>quod</span> <span class='ocrx_word' id='word_1_76' title='bbox 1994 1696 2058 1754; x_wconf 90' lang='lat' dir='ltr'>in</span> <span class='ocrx_word' id='word_1_77' title='bbox 2114 1714 2218 1755; x_wconf 88' lang='lat' dir='ltr'>ora</span> <span class='ocrx_word' id='word_1_78' title='bbox 2281 1696 2582 1755; x_wconf 84' lang='lat' dir='ltr'>maritima</span> <span class='ocrx_word' id='word_1_79' title='bbox 2627 1694 2810 1754; x_wconf 90' lang='lat' dir='ltr'>situm</span> 
     </span>
     <span class='ocr_line' id='line_1_13' title="bbox 464 1779 2810 1859; baseline -0.001 -19"><span class='ocrx_word' id='word_1_80' title='bbox 464 1789 605 1852; x_wconf 87' lang='lat' dir='ltr'>erat,</span> <span class='ocrx_word' id='word_1_81' title='bbox 652 1779 813 1859; x_wconf 90' lang='lat' dir='ltr'>apud</span> <span class='ocrx_word' id='word_1_82' title='bbox 860 1779 1052 1840; x_wconf 91' lang='lat' dir='ltr'>solum</span> <span class='ocrx_word' id='word_1_83' title='bbox 1099 1780 1508 1841; x_wconf 84' lang='lat' dir='ltr'>Ptolemaeum</span> <span class='ocrx_word' id='word_1_84' title='bbox 1556 1781 1645 1858; x_wconf 91' lang='lat' dir='ltr'>(II</span> <span class='ocrx_word' id='word_1_85' title='bbox 1692 1783 1814 1859; x_wconf 85' lang='lat'>6‚5)</span> <span class='ocrx_word' id='word_1_86' title='bbox 1876 1789 2391 1841; x_wconf 79' lang='lat' dir='ltr'>commemoratur.</span> <span class='ocrx_word' id='word_1_87' title='bbox 2481 1779 2810 1859; x_wconf 89' lang='lat' dir='ltr'>Oppidum,</span> 
     </span>
     <span class='ocr_line' id='line_1_14' title="bbox 463 1865 2813 1945; baseline 0.001 -21"><span class='ocrx_word' id='word_1_88' title='bbox 463 1865 682 1944; x_wconf 89' lang='lat' dir='ltr'>quippe</span> <span class='ocrx_word' id='word_1_89' title='bbox 725 1865 886 1944; x_wconf 90' lang='lat' dir='ltr'>quod</span> <span class='ocrx_word' id='word_1_90' title='bbox 928 1885 1115 1944; x_wconf 89' lang='lat' dir='ltr'>prope</span> <span class='ocrx_word' id='word_1_91' title='bbox 1155 1865 1419 1927; x_wconf 86' lang='lat' dir='ltr'>Naviam</span> <span class='ocrx_word' id='word_1_92' title='bbox 1463 1875 1702 1945; x_wconf 91' lang='lat' dir='ltr'>portum</span> <span class='ocrx_word' id='word_1_93' title='bbox 1748 1867 1932 1928; x_wconf 86' lang='lat' dir='ltr'>situm</span> <span class='ocrx_word' id='word_1_94' title='bbox 1992 1866 2177 1927; x_wconf 86' lang='lat' dir='ltr'>fuerit</span> <span class='ocrx_word' id='word_1_95' title='bbox 2223 1886 2260 1926; x_wconf 92' lang='lat' dir='ltr'>a</span> <span class='ocrx_word' id='word_1_96' title='bbox 2305 1866 2691 1945; x_wconf 87' lang='lat' dir='ltr'>Vespasiano</span> <span class='ocrx_word' id='word_1_97' title='bbox 2737 1885 2813 1926; x_wconf 86' lang='lat' dir='ltr'>ex</span> 
     </span>
     <span class='ocr_line' id='line_1_15' title="bbox 465 1950 2813 2030; baseline 0 -20"><span class='ocrx_word' id='word_1_98' title='bbox 465 1970 527 2010; x_wconf 90' lang='lat' dir='ltr'>se</span> <span class='ocrx_word' id='word_1_99' title='bbox 587 1960 645 2010; x_wconf 88' lang='lat' dir='ltr'>et</span> <span class='ocrx_word' id='word_1_100' title='bbox 706 1950 814 2010; x_wconf 90' lang='lat' dir='ltr'>illo</span> <span class='ocrx_word' id='word_1_101' title='bbox 878 1960 1055 2030; x_wconf 90' lang='lat' dir='ltr'>portu</span> <span class='ocrx_word' id='word_1_102' title='bbox 1120 1951 1498 2011; x_wconf 87' lang='lat' dir='ltr'>nominatum</span> <span class='ocrx_word' id='word_1_103' title='bbox 1564 1971 1692 2012; x_wconf 89' lang='lat' dir='ltr'>esse</span> <span class='ocrx_word' id='word_1_104' title='bbox 1757 1953 2029 2013; x_wconf 90' lang='lat' dir='ltr'>videtur:</span> <span class='ocrx_word' id='word_1_105' title='bbox 2098 1951 2601 2030; x_wconf 85' lang='lat' dir='ltr'>‚‚Flavionavia“,</span> <span class='ocrx_word' id='word_1_106' title='bbox 2648 1950 2813 2030; x_wconf 91' lang='lat' dir='ltr'>quod</span> 
     </span>
     <span class='ocr_line' id='line_1_16' title="bbox 462 2035 2810 2119; baseline 0 -24"><span class='ocrx_word' id='word_1_107' title='bbox 462 2056 685 2097; x_wconf 90' lang='lat' dir='ltr'>nomen</span> <span class='ocrx_word' id='word_1_108' title='bbox 743 2035 931 2096; x_wconf 89' lang='lat' dir='ltr'>altero</span> <span class='ocrx_word' id='word_1_109' title='bbox 988 2037 1229 2098; x_wconf 90' lang='lat' dir='ltr'>saeculo</span> <span class='ocrx_word' id='word_1_110' title='bbox 1283 2037 1461 2097; x_wconf 87' lang='lat' dir='ltr'>etiam</span> <span class='ocrx_word' id='word_1_111' title='bbox 1530 2038 1776 2119; x_wconf 87' lang='lat' dir='ltr'>volgare</span> <span class='ocrx_word' id='word_1_112' title='bbox 1828 2047 1971 2100; x_wconf 83' lang='lat' dir='ltr'>erat.</span> <span class='ocrx_word' id='word_1_113' title='bbox 2059 2037 2209 2099; x_wconf 82' lang='lat' dir='ltr'>Sine</span> <span class='ocrx_word' id='word_1_114' title='bbox 2273 2037 2457 2097; x_wconf 91' lang='lat' dir='ltr'>dubio</span> <span class='ocrx_word' id='word_1_115' title='bbox 2523 2036 2810 2116; x_wconf 91' lang='lat' dir='ltr'>oppidum</span> 
     </span>
     <span class='ocr_line' id='line_1_17' title="bbox 466 2123 1106 2201; baseline 0.002 -19"><span class='ocrx_word' id='word_1_116' title='bbox 466 2123 612 2182; x_wconf 88' lang='lat' dir='ltr'>satis</span> <span class='ocrx_word' id='word_1_117' title='bbox 657 2142 911 2201; x_wconf 88' lang='lat' dir='ltr'>parvum</span> <span class='ocrx_word' id='word_1_118' title='bbox 959 2131 1106 2183; x_wconf 87' lang='lat' dir='ltr'>erat.</span> 
     </span>
    </p>
   </div>
   <div class='ocr_carea' id='block_1_7' title="bbox 1135 2257 2156 2326">
    <p class='ocr_par' dir='ltr' id='par_1_7' title="bbox 1135 2257 2156 2326">
     <span class='ocr_line' id='line_1_18' title="bbox 1135 2257 2156 2326; baseline 0.006 -6"><span class='ocrx_word' id='word_1_119' title='bbox 1135 2257 1277 2322; x_wconf 89' lang='grc'><strong>135.</strong></span> <span class='ocrx_word' id='word_1_120' title='bbox 1352 2257 1748 2323; x_wconf 88' lang='lat' dir='ltr'>Gallica</span> <span class='ocrx_word' id='word_1_121' title='bbox 1797 2259 2156 2326; x_wconf 90' lang='lat' dir='ltr'>Flavia.</span> 
     </span>
    </p>
   </div>
   <div class='ocr_carea' id='block_1_8' title="bbox 585 2381 2812 2464">
    <p class='ocr_par' dir='ltr' id='par_1_8' title="bbox 585 2381 2812 2464">
     <span class='ocr_line' id='line_1_19' title="bbox 585 2381 2812 2464; baseline -0.001 -21"><span class='ocrx_word' id='word_1_122' title='bbox 585 2381 971 2456; x_wconf 85' lang='lat' dir='ltr'>„Gallicum“</span> <span class='ocrx_word' id='word_1_123' title='bbox 1030 2384 1187 2443; x_wconf 90' lang='lat' dir='ltr'>inter</span> <span class='ocrx_word' id='word_1_124' title='bbox 1237 2383 1785 2464; x_wconf 85' lang='lat' dir='ltr'>Caesaraugustam</span> <span class='ocrx_word' id='word_1_125' title='bbox 1844 2395 1903 2445; x_wconf 92' lang='lat' dir='ltr'>et</span> <span class='ocrx_word' id='word_1_126' title='bbox 1955 2384 2178 2446; x_wconf 89' lang='lat' dir='ltr'>Oscam</span> <span class='ocrx_word' id='word_1_127' title='bbox 2244 2385 2452 2456; x_wconf 88' lang='lat' dir='ltr'>situm,</span> <span class='ocrx_word' id='word_1_128' title='bbox 2517 2381 2677 2461; x_wconf 90' lang='lat' dir='ltr'>quod</span> <span class='ocrx_word' id='word_1_129' title='bbox 2744 2383 2812 2441; x_wconf 89' lang='lat' dir='ltr'>in</span> 
     </span>
    </p>
   </div>
   <div class='ocr_carea' id='block_1_9' title="bbox 351 2467 2808 2549">
    <p class='ocr_par' dir='ltr' id='par_1_9' title="bbox 351 2467 2808 2549">
     <span class='ocr_line' id='line_1_20' title="bbox 351 2467 2808 2549; baseline 0 -22"><span class='ocrx_word' id='word_1_130' title='bbox 351 2524 364 2536; x_wconf 81' lang='grc'><strong>,</strong></span> <span class='ocrx_word' id='word_1_131' title='bbox 464 2467 766 2528; x_wconf 89' lang='lat' dir='ltr'>itinerario</span> <span class='ocrx_word' id='word_1_132' title='bbox 840 2468 1140 2528; x_wconf 91' lang='lat' dir='ltr'>Antonini</span> <span class='ocrx_word' id='word_1_133' title='bbox 1215 2470 1292 2548; x_wconf 85' lang='lat' dir='ltr'>(p.</span> <span class='ocrx_word' id='word_1_134' title='bbox 1347 2471 1496 2547; x_wconf 84' lang='lat'>451)</span> <span class='ocrx_word' id='word_1_135' title='bbox 1559 2481 2080 2543; x_wconf 87' lang='lat' dir='ltr'>commemoratur,</span> <span class='ocrx_word' id='word_1_136' title='bbox 2158 2469 2320 2549; x_wconf 89' lang='lat' dir='ltr'>apud</span> <span class='ocrx_word' id='word_1_137' title='bbox 2392 2468 2808 2529; x_wconf 88' lang='lat' dir='ltr'>Ptolemaeum</span> 
     </span>
    </p>
   </div>
   <div class='ocr_carea' id='block_1_10' title="bbox 467 2553 2813 2787">
    <p class='ocr_par' dir='ltr' id='par_1_10' title="bbox 467 2553 2813 2787">
     <span class='ocr_line' id='line_1_21' title="bbox 467 2553 2812 2636; baseline 0 -21"><span class='ocrx_word' id='word_1_138' title='bbox 467 2553 558 2634; x_wconf 91' lang='lat' dir='ltr'>(II</span> <span class='ocrx_word' id='word_1_139' title='bbox 603 2555 770 2630; x_wconf 87' lang='grc'><strong>6,68)</strong></span> <span class='ocrx_word' id='word_1_140' title='bbox 818 2553 1017 2615; x_wconf 88' lang='lat' dir='ltr'>audit:</span> <span class='ocrx_word' id='word_1_141' title='bbox 1084 2554 1365 2628; x_wconf 84' lang='lat' dir='ltr'>„Gallica</span> <span class='ocrx_word' id='word_1_142' title='bbox 1406 2555 1677 2630; x_wconf 88' lang='lat' dir='ltr'>Flavia“,</span> <span class='ocrx_word' id='word_1_143' title='bbox 1725 2557 1811 2617; x_wconf 92' lang='lat' dir='ltr'>ita</span> <span class='ocrx_word' id='word_1_144' title='bbox 1856 2566 1922 2617; x_wconf 89' lang='lat' dir='ltr'>ut</span> <span class='ocrx_word' id='word_1_145' title='bbox 1965 2556 2283 2636; x_wconf 84' lang='lat' dir='ltr'>oppidum,</span> <span class='ocrx_word' id='word_1_146' title='bbox 2347 2575 2385 2617; x_wconf 88' lang='lat' dir='ltr'>a</span> <span class='ocrx_word' id='word_1_147' title='bbox 2427 2553 2812 2634; x_wconf 86' lang='lat' dir='ltr'>Vespasiano</span> 
     </span>
     <span class='ocr_line' id='line_1_22' title="bbox 467 2639 2813 2721; baseline 0 -21"><span class='ocrx_word' id='word_1_148' title='bbox 467 2639 770 2700; x_wconf 88' lang='lat' dir='ltr'>beneficiis</span> <span class='ocrx_word' id='word_1_149' title='bbox 802 2649 1066 2713; x_wconf 84' lang='lat' dir='ltr'>auctum,</span> <span class='ocrx_word' id='word_1_150' title='bbox 1095 2640 1422 2713; x_wconf 87' lang='lat' dir='ltr'>„Flaviae“</span> <span class='ocrx_word' id='word_1_151' title='bbox 1450 2663 1785 2721; x_wconf 89' lang='lat' dir='ltr'>cognomen</span> <span class='ocrx_word' id='word_1_152' title='bbox 1817 2643 2112 2721; x_wconf 86' lang='lat' dir='ltr'>accepisse</span> <span class='ocrx_word' id='word_1_153' title='bbox 2137 2643 2424 2715; x_wconf 87' lang='lat' dir='ltr'>videatur,</span> <span class='ocrx_word' id='word_1_154' title='bbox 2456 2641 2618 2721; x_wconf 92' lang='lat' dir='ltr'>quod</span> <span class='ocrx_word' id='word_1_155' title='bbox 2639 2641 2813 2701; x_wconf 89' lang='lat' dir='ltr'>tertio</span> 
     </span>
     <span class='ocr_line' id='line_1_23' title="bbox 467 2725 1143 2787; baseline 0.001 -1"><span class='ocrx_word' id='word_1_156' title='bbox 467 2727 705 2786; x_wconf 89' lang='lat' dir='ltr'>saeculo</span> <span class='ocrx_word' id='word_1_157' title='bbox 750 2725 1143 2787; x_wconf 85' lang='lat' dir='ltr'>interciderat.</span> 
     </span>
    </p>
   </div>
   <div class='ocr_carea' id='block_1_11' title="bbox 1190 2862 2114 3069">
    <p class='ocr_par' dir='ltr' id='par_1_11' title="bbox 1190 2862 2114 3069">
     <span class='ocr_line' id='line_1_24' title="bbox 1397 2862 1877 2934; baseline -0.002 -3"><span class='ocrx_word' id='word_1_158' title='bbox 1397 2862 1877 2934; x_wconf 70' lang='lat' dir='ltr'>Hor-icum.</span> 
     </span>
     <span class='ocr_line' id='line_1_25' title="bbox 1190 3003 2114 3069; baseline 0.001 -3"><span class='ocrx_word' id='word_1_159' title='bbox 1190 3005 1331 3068; x_wconf 86' lang='grc'><strong>136.</strong></span> <span class='ocrx_word' id='word_1_160' title='bbox 1404 3003 1750 3068; x_wconf 90' lang='lat' dir='ltr'>Flavia</span> <span class='ocrx_word' id='word_1_161' title='bbox 1798 3003 2114 3069; x_wconf 86' lang='lat' dir='ltr'>Solva.</span> 
     </span>
    </p>
   </div>
   <div class='ocr_carea' id='block_1_12' title="bbox 466 3126 2811 3552">
    <p class='ocr_par' dir='ltr' id='par_1_12' title="bbox 466 3126 2811 3552">
     <span class='ocr_line' id='line_1_26' title="bbox 597 3126 2810 3211; baseline -0.001 -23"><span class='ocrx_word' id='word_1_162' title='bbox 597 3126 801 3200; x_wconf 86' lang='lat' dir='ltr'>Solva,</span> <span class='ocrx_word' id='word_1_163' title='bbox 847 3146 1001 3205; x_wconf 89' lang='lat' dir='ltr'>quae</span> <span class='ocrx_word' id='word_1_164' title='bbox 1048 3147 1229 3208; x_wconf 88' lang='lat' dir='ltr'>prope</span> <span class='ocrx_word' id='word_1_165' title='bbox 1275 3129 1581 3189; x_wconf 89' lang='lat' dir='ltr'>Virunum</span> <span class='ocrx_word' id='word_1_166' title='bbox 1627 3130 1743 3190; x_wconf 87' lang='lat' dir='ltr'>sita</span> <span class='ocrx_word' id='word_1_167' title='bbox 1784 3129 1972 3211; x_wconf 86' lang='lat' dir='ltr'>fuisse</span> <span class='ocrx_word' id='word_1_168' title='bbox 2025 3129 2274 3201; x_wconf 90' lang='lat' dir='ltr'>videtur,</span> <span class='ocrx_word' id='word_1_169' title='bbox 2332 3128 2492 3207; x_wconf 88' lang='lat' dir='ltr'>apud</span> <span class='ocrx_word' id='word_1_170' title='bbox 2544 3127 2810 3187; x_wconf 89' lang='lat' dir='ltr'>Plinium</span> 
     </span>
     <span class='ocr_line' id='line_1_27' title="bbox 472 3212 2810 3293; baseline 0 -21"><span class='ocrx_word' id='word_1_171' title='bbox 472 3214 595 3290; x_wconf 94' lang='grc' dir='ltr'>(ΙΙΙ</span> <span class='ocrx_word' id='word_1_172' title='bbox 647 3215 790 3290; x_wconf 88' lang='grc'><strong>146)</strong></span> <span class='ocrx_word' id='word_1_173' title='bbox 833 3222 890 3272; x_wconf 90' lang='lat' dir='ltr'>et</span> <span class='ocrx_word' id='word_1_174' title='bbox 934 3213 998 3271; x_wconf 91' lang='lat' dir='ltr'>in</span> <span class='ocrx_word' id='word_1_175' title='bbox 1043 3214 1232 3273; x_wconf 87' lang='lat' dir='ltr'>titulis</span> <span class='ocrx_word' id='word_1_176' title='bbox 1279 3214 1687 3293; x_wconf 82' lang='lat' dir='ltr'>(G.1.L.111</span> <span class='ocrx_word' id='word_1_177' title='bbox 1738 3218 1916 3287; x_wconf 89' lang='grc'><strong>1615,</strong></span> <span class='ocrx_word' id='word_1_178' title='bbox 1952 3217 2135 3287; x_wconf 81' lang='lat'>5331,</span> <span class='ocrx_word' id='word_1_179' title='bbox 2181 3215 2364 3287; x_wconf 84' lang='lat'>5341,</span> <span class='ocrx_word' id='word_1_180' title='bbox 2399 3216 2585 3283; x_wconf 79' lang='lat'>5457,</span> <span class='ocrx_word' id='word_1_181' title='bbox 2620 3212 2810 3292; x_wconf 85' lang='grc'><strong>5516)</strong></span> 
     </span>
     <span class='ocr_line' id='line_1_28' title="bbox 468 3297 2811 3380; baseline 0.001 -23"><span class='ocrx_word' id='word_1_182' title='bbox 468 3298 730 3372; x_wconf 87' lang='lat' dir='ltr'>„Flavia</span> <span class='ocrx_word' id='word_1_183' title='bbox 796 3297 1022 3359; x_wconf 86' lang='lat' dir='ltr'>Solva“</span> <span class='ocrx_word' id='word_1_184' title='bbox 1087 3299 1278 3372; x_wconf 90' lang='lat' dir='ltr'>audit,</span> <span class='ocrx_word' id='word_1_185' title='bbox 1342 3299 1502 3378; x_wconf 91' lang='lat' dir='ltr'>quod</span> <span class='ocrx_word' id='word_1_186' title='bbox 1568 3319 1901 3379; x_wconf 90' lang='lat' dir='ltr'>cognomen</span> <span class='ocrx_word' id='word_1_187' title='bbox 1965 3301 2254 3380; x_wconf 86' lang='lat' dir='ltr'>oppidum</span> <span class='ocrx_word' id='word_1_188' title='bbox 2329 3320 2366 3359; x_wconf 90' lang='lat' dir='ltr'>a</span> <span class='ocrx_word' id='word_1_189' title='bbox 2431 3298 2811 3377; x_wconf 88' lang='lat' dir='ltr'>Vespasiano</span> 
     </span>
     <span class='ocr_line' id='line_1_29' title="bbox 470 3384 2810 3465; baseline -0.001 -21"><span class='ocrx_word' id='word_1_190' title='bbox 470 3385 714 3463; x_wconf 90' lang='lat' dir='ltr'>accepit.</span> <span class='ocrx_word' id='word_1_191' title='bbox 805 3384 1037 3463; x_wconf 87' lang='lat' dir='ltr'>Postea,</span> <span class='ocrx_word' id='word_1_192' title='bbox 1083 3385 1195 3445; x_wconf 90' lang='lat' dir='ltr'>sub</span> <span class='ocrx_word' id='word_1_193' title='bbox 1230 3385 1572 3455; x_wconf 78' lang='lat' dir='ltr'>Hadriano,</span> <span class='ocrx_word' id='word_1_194' title='bbox 1619 3388 1723 3465; x_wconf 88' lang='lat' dir='ltr'>qui</span> <span class='ocrx_word' id='word_1_195' title='bbox 1768 3407 1837 3447; x_wconf 89' lang='lat' dir='ltr'>eo</span> <span class='ocrx_word' id='word_1_196' title='bbox 1883 3384 2182 3448; x_wconf 89' lang='lat' dir='ltr'>coloniam</span> <span class='ocrx_word' id='word_1_197' title='bbox 2214 3384 2479 3457; x_wconf 84' lang='lat' dir='ltr'>deduxit,</span> <span class='ocrx_word' id='word_1_198' title='bbox 2525 3384 2810 3464; x_wconf 89' lang='lat' dir='ltr'>oppidum</span> 
     </span>
     <span class='ocr_line' id='line_1_30' title="bbox 466 3469 2696 3552; baseline 0 -22"><span class='ocrx_word' id='word_1_199' title='bbox 466 3469 680 3543; x_wconf 89' lang='lat' dir='ltr'>„Aelia</span> <span class='ocrx_word' id='word_1_200' title='bbox 725 3469 949 3531; x_wconf 84' lang='lat' dir='ltr'>Solva“</span> <span class='ocrx_word' id='word_1_201' title='bbox 997 3480 1269 3530; x_wconf 85' lang='lat' dir='ltr'>vocatum</span> <span class='ocrx_word' id='word_1_202' title='bbox 1314 3481 1402 3532; x_wconf 92' lang='lat' dir='ltr'>est</span> <span class='ocrx_word' id='word_1_203' title='bbox 1446 3481 1624 3551; x_wconf 89' lang='lat' dir='ltr'>atque</span> <span class='ocrx_word' id='word_1_204' title='bbox 1668 3471 1959 3545; x_wconf 81' lang='lat' dir='ltr'>„Flavia“</span> <span class='ocrx_word' id='word_1_205' title='bbox 2006 3491 2331 3552; x_wconf 90' lang='lat' dir='ltr'>cognomen</span> <span class='ocrx_word' id='word_1_206' title='bbox 2380 3470 2696 3531; x_wconf 88' lang='lat' dir='ltr'>intercidit.</span> 
     </span>
    </p>
   </div>
   <div class='ocr_carea' id='block_1_13' title="bbox 1407 3651 1858 3723">
    <p class='ocr_par' dir='ltr' id='par_1_13' title="bbox 1407 3651 1858 3723">
     <span class='ocr_line' id='line_1_31' title="bbox 1407 3651 1858 3723; baseline 0 -3"><span class='ocrx_word' id='word_1_207' title='bbox 1407 3651 1858 3723; x_wconf 73' lang='lat' dir='ltr'>Thu-acia.</span> 
     </span>
    </p>
   </div>
   <div class='ocr_carea' id='block_1_14' title="bbox 1211 3793 2085 3879">
    <p class='ocr_par' dir='ltr' id='par_1_14' title="bbox 1211 3793 2085 3879">
     <span class='ocr_line' id='line_1_32' title="bbox 1211 3793 2085 3879; baseline -0.002 -20"><span class='ocrx_word' id='word_1_208' title='bbox 1211 3794 1353 3868; x_wconf 88' lang='grc'><strong>137.</strong></span> <span class='ocrx_word' id='word_1_209' title='bbox 1425 3793 2085 3879; x_wconf 88' lang='lat' dir='ltr'>Flaviopolis.</span> 
     </span>
    </p>
   </div>
   <div class='ocr_carea' id='block_1_15' title="bbox 469 3874 2816 4169">
    <p class='ocr_par' dir='ltr' id='par_1_15' title="bbox 469 3874 2816 4169">
     <span class='ocr_line' id='line_1_33' title="bbox 600 3874 2815 3999; baseline 0 -21"><span class='ocrx_word' id='word_1_210' title='bbox 600 3918 832 3978; x_wconf 84' lang='lat' dir='ltr'>Plinius</span> <span class='ocrx_word' id='word_1_211' title='bbox 896 3874 1016 3996; x_wconf 84' lang='lat' dir='ltr'>(IV</span> <span class='ocrx_word' id='word_1_212' title='bbox 1061 3921 1166 3997; x_wconf 82' lang='lat'>47)</span> <span class='ocrx_word' id='word_1_213' title='bbox 1221 3939 1401 3998; x_wconf 90' lang='lat' dir='ltr'>prope</span> <span class='ocrx_word' id='word_1_214' title='bbox 1458 3920 1887 3999; x_wconf 70' lang='lat' dir='ltr'>selymbriam,</span> <span class='ocrx_word' id='word_1_215' title='bbox 1940 3918 2007 3978; x_wconf 88' lang='lat' dir='ltr'>in</span> <span class='ocrx_word' id='word_1_216' title='bbox 2063 3920 2308 3997; x_wconf 91' lang='lat' dir='ltr'>regione</span> <span class='ocrx_word' id='word_1_217' title='bbox 2363 3918 2649 3990; x_wconf 88' lang='lat' dir='ltr'>Caenica,</span> <span class='ocrx_word' id='word_1_218' title='bbox 2710 3938 2815 3990; x_wconf 90' lang='lat' dir='ltr'>„eo</span> 
     </span>
     <span class='ocr_line' id='line_1_34' title="bbox 469 4004 2814 4084; baseline 0 -21"><span class='ocrx_word' id='word_1_219' title='bbox 469 4004 618 4076; x_wconf 92' lang='lat' dir='ltr'>loc0‚</span> <span class='ocrx_word' id='word_1_220' title='bbox 663 4024 781 4083; x_wconf 90' lang='lat' dir='ltr'>quo</span> <span class='ocrx_word' id='word_1_221' title='bbox 824 4006 989 4083; x_wconf 87' lang='lat' dir='ltr'>prius</span> <span class='ocrx_word' id='word_1_222' title='bbox 1021 4005 1166 4065; x_wconf 85' lang='lat' dir='ltr'>Cela</span> <span class='ocrx_word' id='word_1_223' title='bbox 1209 4006 1497 4084; x_wconf 90' lang='lat' dir='ltr'>oppidum</span> <span class='ocrx_word' id='word_1_224' title='bbox 1529 4013 1892 4078; x_wconf 87' lang='lat' dir='ltr'>vocaretur“,</span> <span class='ocrx_word' id='word_1_225' title='bbox 1937 4004 2345 4083; x_wconf 89' lang='lat' dir='ltr'>Flaviopolim</span> <span class='ocrx_word' id='word_1_226' title='bbox 2377 4012 2814 4075; x_wconf 86' lang='lat' dir='ltr'>commemorat,</span> 
     </span>
     <span class='ocr_line' id='line_1_35' title="bbox 470 4089 2816 4169; baseline 0 -21"><span class='ocrx_word' id='word_1_227' title='bbox 470 4110 625 4168; x_wconf 89' lang='lat' dir='ltr'>quae</span> <span class='ocrx_word' id='word_1_228' title='bbox 670 4090 832 4168; x_wconf 90' lang='lat' dir='ltr'>apud</span> <span class='ocrx_word' id='word_1_229' title='bbox 878 4090 1152 4152; x_wconf 86' lang='lat' dir='ltr'>Solinum</span> <span class='ocrx_word' id='word_1_230' title='bbox 1214 4110 1448 4169; x_wconf 89' lang='lat' dir='ltr'>quoque</span> <span class='ocrx_word' id='word_1_231' title='bbox 1507 4091 1577 4169; x_wconf 90' lang='lat' dir='ltr'>(c.</span> <span class='ocrx_word' id='word_1_232' title='bbox 1630 4093 1730 4169; x_wconf 88' lang='lat'>10)</span> <span class='ocrx_word' id='word_1_233' title='bbox 1777 4100 1835 4150; x_wconf 91' lang='lat' dir='ltr'>et</span> <span class='ocrx_word' id='word_1_234' title='bbox 1892 4090 1955 4149; x_wconf 90' lang='lat' dir='ltr'>in</span> <span class='ocrx_word' id='word_1_235' title='bbox 2019 4110 2264 4150; x_wconf 90' lang='lat' dir='ltr'>nummo</span> <span class='ocrx_word' id='word_1_236' title='bbox 2308 4089 2428 4148; x_wconf 88' lang='lat' dir='ltr'>Titi</span> <span class='ocrx_word' id='word_1_237' title='bbox 2451 4092 2493 4167; x_wconf 89' lang='lat'>1)</span> <span class='ocrx_word' id='word_1_238' title='bbox 2542 4089 2816 4149; x_wconf 87' lang='lat' dir='ltr'>occurrit.</span> 
     </span>
    </p>
   </div>
   <div class='ocr_carea' id='block_1_16' title="bbox 478 4257 852 4266">
    <p class='ocr_par' dir='ltr' id='par_1_16' title="bbox 478 4257 852 4266">
     <span class='ocr_line' id='line_1_36' title="bbox 478 4257 852 4266; baseline 0 927"><span class='ocrx_word' id='word_1_239' title='bbox 478 4257 852 4266; x_wconf 95' lang='lat' dir='ltr'> </span> 
     </span>
    </p>
   </div>
   <div class='ocr_carea' id='block_1_17' title="bbox 610 4349 1785 4418">
    <p class='ocr_par' dir='ltr' id='par_1_17' title="bbox 610 4349 1785 4418">
     <span class='ocr_line' id='line_1_37' title="bbox 610 4349 1785 4418; baseline -0.002 -16"><span class='ocrx_word' id='word_1_240' title='bbox 610 4350 652 4415; x_wconf 86' lang='lat'>¹)</span> <span class='ocrx_word' id='word_1_241' title='bbox 692 4354 753 4402; x_wconf 82' lang='lat' dir='ltr'>A.</span> <span class='ocrx_word' id='word_1_242' title='bbox 791 4351 1002 4418; x_wconf 83' lang='lat' dir='ltr'>Zumpt.</span> <span class='ocrx_word' id='word_1_243' title='bbox 1042 4349 1333 4402; x_wconf 79' lang='lat' dir='ltr'>Comment.</span> <span class='ocrx_word' id='word_1_244' title='bbox 1373 4349 1540 4416; x_wconf 82' lang='lat' dir='ltr'>epigr.</span> <span class='ocrx_word' id='word_1_245' title='bbox 1581 4366 1629 4416; x_wconf 92' lang='lat' dir='ltr'>p.</span> <span class='ocrx_word' id='word_1_246' title='bbox 1667 4349 1785 4401; x_wconf 88' lang='grc'><strong>396.</strong></span> 
     </span>
    </p>
   </div>
  </div>
 </body>
</html>
