3414 5193
1520 467 1627 503 -··.
1691 433 1727 488 2
1820 468 1897 474 -

655 603 797 661 Duo
851 602 1222 662 coloniarum
1278 624 1515 682 genera,
1578 604 1865 663 nimirum
1911 604 2175 664 Latinae
2218 614 2275 663 et
2318 605 2537 665 civium
2586 604 2880 678 coloniae,

527 688 924 747 discernenda
967 697 1123 748 sunt.
1213 689 1448 749 Latinis
1496 710 1571 748 ex
1612 689 1865 748 coloniis
1905 689 2236 749 nonnullae
2277 698 2528 762 tantum,
2573 691 2633 749 in
2668 690 2882 752 Gallia

527 771 909 834 Narbonensi
971 775 1138 851 sitae,
1203 766 1425 853 quibus
1492 775 1583 834 ius
1652 784 1829 853 atque
1895 774 2106 833 titulus
2160 774 2433 834 coloniae
2479 775 2736 836 Latinae
2762 812 2767 815 ·
2794 777 2879 836 ab

525 857 694 920 Julio
725 857 980 919 Caesare
1010 880 1136 918 una
1167 880 1299 919 cum
1331 860 1408 933 „J
1412 859 1602 920 uliae“
1633 861 1994 938 cognomine
2022 859 2167 919 dat-a
2197 870 2354 932 sunt,
2388 860 2464 920 ad
2495 863 2863 939 propositum

526 945 838 1022 pertinent.
927 945 1154 1006 Omnes
1199 947 1362 1005 enim
1407 956 1634 1005 ceterae
1664 945 1935 1005 coloniae
1966 946 2239 1024 Latinae,
2286 966 2441 1024 quae
2473 955 2612 1006 ante
2644 968 2874 1007 annum

492 1035 622 1092 ⁴89.
668 1024 957 1090 deductae
1013 1039 1171 1102 sunt,
1233 1031 1340 1090 illo
1400 1052 1562 1090 anno
1625 1032 1927 1091 civitatem
1986 1042 2343 1109 acceperunt
2407 1041 2585 1111 atque
2648 1034 2867 1112 partim

529 1115 870 1192 municipia,
914 1117 1131 1194 partim
1180 1118 1401 1176 civium
1448 1116 1717 1177 coloniae
1760 1116 1958 1176 factae
2001 1127 2158 1177 sunt.
2226 1116 2381 1176 Illae
2425 1137 2660 1196 quoque
2692 1111 2878 1197 supra

526 1211 1021 1262 commemoratae
1051 1200 1337 1276 coloniae,
1384 1203 1446 1261 in
1479 1202 1863 1262 Narbonensi
1894 1201 2209 1278 provincia
2236 1204 2399 1275 sitae,
2447 1203 2561 1263 sub
2593 1204 2878 1282 Augusto>

526 1286 740 1362 partim
810 1288 1030 1347 civium
1100 1288 1377 1348 coloniae
1441 1287 1857 1365 factae-sunt,
1926 1289 2143 1366 partim
2211 1289 2482 1348 coloniae
2540 1291 2645 1357 ius,
2689 1299 2878 1368 atque

526 1374 762 1432 titulum
812 1373 1158 1434 amiserunt.
1230 1374 1304 1432 In
1338 1375 1682 1434 universum
1716 1373 2024 1446 ‚‚colonia“
2055 1373 2419 1433 vocabulum
2451 1374 2562 1433 sub
2596 1377 2877 1453 Augusto

526 1479 649 1518 non
696 1459 816 1518 nisi
860 1458 933 1518 de
977 1460 1196 1520 civium
1243 1460 1495 1519 coloniis
1539 1469 1877 1534 usurpatur.

645 1543 883 1605 Civium
950 1545 1224 1605 coloniae
1285 1545 1582 1624 prioribus
1647 1544 2013 1626 temporibus
2079 1546 2141 1602 in
2206 1546 2475 1623 regiones
2537 1546 2713 1604 modo
2773 1565 2878 1605 ex·

525 1639 840 1708 pugnatas,
886 1630 1177 1709 imprimis
1225 1640 1423 1691 autem
1471 1633 1529 1689 in
1577 1652 1716 1691 orae
1764 1630 2096 1691 maritimae
2127 1631 2351 1709 oppida
2381 1630 2669 1691 deductae
2700 1640 2871 1703 sunt;

525 1724 702 1793 atque
774 1717 1094 1794 praecipue
1165 1718 1334 1778 tertio
1405 1716 1642 1776 saeculo
1704 1717 1970 1776 Romani
2045 1715 2297 1775 coloniis
2372 1725 2559 1775 totam
2626 1720 2873 1778 Italiam

523 1810 982 1879 occupaverunt,
1030 1804 1130 1875 ita,
1177 1814 1242 1863 ut
1285 1802 1491 1863 Cicero
1536 1822 1645 1862 suo
1689 1803 1816 1861 iure
1862 1801 1959 1879 (de
2004 1800 2114 1879 leg.
2163 1822 2286 1879 agr.
2333 1800 2401 1859 II
2451 1804 2553 1876 73)
2601 1804 2878 1864 colonias

522 1889 976 1964 propugnacula
1020 1888 1250 1968 imperii
1298 1888 1573 1967 appellet.
1637 1887 2050 1948 Gracchorum
2100 1896 2296 1946 autem
2346 1896 2552 1959 aetate,
2599 1909 2673 1949 ex
2711 1911 2877 1950 anno

528 1974 664 2044 133,
710 1972 981 2033 coloniae
1026 1995 1148 2034 non
1196 1976 1332 2046 iam,
1378 1985 1445 2033 ut
1488 1973 1665 2032 modo
1696 1983 2079 2052 expugnatae
2107 1973 2379 2050 regiones
2411 1973 2876 2035 defenderentur

521 2067 579 2117 et
620 2058 998 2117 munirentur
1043 2070 1227 2139 atque
1271 2061 1453 2119 Italia
1497 2059 1912 2119 Romanorum
1962 2059 2024 2116 in
2074 2058 2304 2118 cultum
2353 2070 2530 2137 atque
2576 2060 2865 2120 dicionem

522 2143 897 2222 redigeretur,
960 2147 1065 2205 sed
1127 2146 1358 2207 civibus
1417 2146 1639 2206 victum
1700 2143 2095 2222 prospiciendi
2160 2164 2344 2204 causa
2405 2144 2873 2207 deducebantur.

521 2228 724 2289 Primo
771 2238 971 2289 autem
1018 2252 1184 2292 anno
1234 2235 1369 2303 100,
1416 2231 1545 2309 lege
1592 2231 1913 2309 Appuleia,
1959 2250 2083 2288 non
2130 2230 2323 2288 solum
2370 2230 2719 2308 proletariis,
2765 2232 2866 2292 sed

521 2315 698 2374 etiam
768 2317 1062 2376 veteranis
1129 2316 1530 2397 prospiciendi
1593 2336 1778 2375 causa
1832 2315 2104 2374 coloniae
2163 2314 2455 2374 deductae
2499 2328 2655 2389 sunt,
2719 2338 2875 2396 quas

521 2400 790 2461 Velleius
862 2400 918 2477 (Ι
969 2405 1072 2477 15)
1141 2403 1406 2463 colonias
1469 2404 1761 2462 militares
1827 2400 2114 2482 appellat.
2202 2399 2440 2474 Quibus
2504 2403 2877 2482 temporibus

524 2486 823 2565 proletarii
894 2496 1072 2566 atque
1137 2489 1331 2569 capite
1396 2491 1587 2563 censi,
1660 2509 1811 2560 non,
1874 2498 1945 2547 ut
2013 2494 2206 2558 antea,
2282 2486 2645 2565 possidentes
2712 2489 2874 2548 cives-

521 2570 985 2634 deducebantur.
1095 2576 1170 2633 In
1218 2574 1400 2635 Italia
1455 2576 1582 2655 agri
1635 2574 1943 2636 dividendi
1990 2582 2096 2633 aut
2149 2572 2452 2643 dlvitibus,
2515 2574 2615 2652 qui
2676 2574 2876 2634 multa.

522 2669 976 2737 occupaverant,
1008 2680 1129 2719 non
1155 2662 1274 2721 iam
1308 2662 1482 2724 victis
1521 2662 1757 2742 populis
1790 2661 2153 2731 adimuntur,
2198 2667 2303 2718 aut
2334 2660 2876 2739 proscriptionibus-

525 2753 828 2823 parantur.

649 2828 873 2888 Caesar
918 2830 1159 2909 primus,
1206 2832 1366 2910 quod
1398 2832 1462 2892 C.
1502 2832 1777 2899 Graccho
1810 2851 1932 2889 non
1964 2831 2313 2908 contigerat,
2364 2847 2583 2907 magno
2614 2850 2873 2890 numero

523 2913 790 2979 colonias
853 2916 1070 2976 civium
1126 2918 1186 2975 in
1255 2920 1595 2998 provincias
1653 2917 1917 2990 deduxit,
1984 2937 2119 2977 cum
2176 2924 2353 2975 antea
2398 2913 2766 2994 Carthagine
2810 2925 2877 2974 et.

523 3000 811 3059 Narbone
873 3003 1134 3081 exceptis
1198 3013 1366 3063 extra
1423 3003 1639 3063 Italiae
1698 3003 1848 3063 fines
1915 3002 2087 3062 nulla
2153 3001 2390 3062 colonia
2456 3001 2713 3062 deducta
2775 2999 2872 3059 sit.

521 3084 643 3144 Illa
687 3087 936 3159 ratione,
982 3109 1104 3165 qua
1149 3089 1313 3167 prius
1357 3090 1622 3149 Romani
1655 3089 1899 3148 Italiam
1946 3096 2406 3166 occupaverant,
2456 3096 2635 3166 atque
2683 3086 2873 3145 domi-

522 3172 754 3231 nationi
813 3191 958 3231 suae
1020 3173 1407 3247 subiecerant,
1471 3174 1694 3234 Caesar
1753 3174 1956 3232 orbem
2003 3182 2293 3232 terrarum
2340 3173 2752 3232 Romanorum
2800 3171 2866 3228 in

523 3256 768 3328 cultum,
827 3256 1130 3336 linguam,
1197 3259 1670 3319 dominationem
1730 3258 1993 3336 redigere
2037 3258 2255 3336 coepit,
2323 3257 2484 3335 quod
2552 3265 2872 3333 sequentes-

521 3344 901 3421 imperatores
970 3343 1358 3423 perfecerunt.
1481 3345 1757 3406 Caesaris
1819 3352 1877 3403 et
1938 3342 2202 3422 Augusti
2266 3351 2459 3401 aetate
2525 3340 2750 3400 multae
2811 3351 2877 3399 et.

521 3427 742 3488 civium
810 3438 867 3487 et
924 3438 1344 3490 veteranorum
1410 3432 1682 3490 coloniae
1736 3431 1798 3489 in
1855 3429 2215 3508 provinciaS‚
2287 3426 2577 3505 imprimis
2622 3428 2686 3484 in
2734 3427 2873 3485 His--

523 3514 782 3592 paniam,
829 3512 1115 3588 Galliam,
1163 3518 1370 3576 Asiam
1417 3518 1706 3576 minorem
1755 3516 2045 3575 deductae
2089 3521 2240 3572 sunt.
2329 3512 2476 3571 Post
2521 3512 2864 3590 Augustum

522 3608 719 3658 autem
764 3609 999 3659 tantum
1047 3602 1329 3674 veterani,
1376 3623 1496 3661 non
1546 3604 1666 3661 iam
1714 3604 1890 3672 civeS,
1938 3598 2390 3659 deducebantur
2435 3606 2613 3675 atque
2642 3606 2874 3676 postea,

520 3684 644 3744 sere
716 3706 790 3744 ex
856 3685 1156 3747 Hadriani
1231 3688 1595 3767 temporibus
1661 3688 1909 3746 omnino
1976 3705 2150 3745 verae
2215 3682 2510 3755 coloniae,
2578 3682 2870 3763 Septimio

521 3767 740 3830 Severo
794 3781 1051 3851 except0‚
1113 3773 1402 3833 deductae
1456 3793 1579 3832 non
1626 3782 1792 3843 sunt;
1855 3771 1968 3831 sed·
2004 3770 2179 3829 modo
2224 3768 2588 3846 quibusdam
2635 3768 2873 3849 oppidis

519 3855 730 3915 titulus
761 3866 939 3935 atque
970 3859 1059 3917 ius
1089 3860 1360 3918 coloniae
1389 3860 1615 3918 donata
1645 3867 1802 3919 sunt.
1872 3856 1972 3917 Ab
2000 3856 2259 3934 Augusti
2292 3854 2454 3913 enim
2486 3864 2677 3915 aetate
2708 3853 2870 3914 colo-

519 3942 657 4001 niae
711 3941 1007 4021 paulatim
1067 3965 1365 4003 summum
1421 3944 1618 4003 locum
1674 3945 1944 4002 omnium
2002 3961 2195 4000 rerum
2258 3938 2632 4019 publicarum
2691 3949 2868 4017 atque

519 4028 830 4086 civitatum
892 4027 1160 4088 obtinere
1221 4040 1564 4109 coeperunt;
1632 4029 1749 4088 tria
1806 4029 1966 4088 enim
2022 4026 2340 4106 privilegia
2394 4027 2520 4086 sive
2588 4025 2876 4085 beneficia

522 4112 920 4191 accipiebant:
967 4114 1298 4174 libertatem
1347 4125 1453 4174 aut
1496 4115 1936 4174 immunitatem
1985 4123 2090 4172 aut
2133 4112 2224 4172 ius
2271 4112 2569 4172 Italicum.

649 4197 964 4258 Caesarem
1028 4200 1282 4278 primum
1347 4209 1405 4260 et
1460 4220 1681 4278 magno
1741 4219 1990 4259 numero
2054 4199 2118 4257 in
2166 4200 2506 4278 provincias
2553 4196 2877 4256 deduxisse

520 4282 786 4343 colonias
845 4293 903 4342 et
963 4284 1324 4361 quibusdam
1389 4285 1622 4366 oppidis
1685 4285 1860 4345 modo
1915 4285 2155 4347 titulum
2203 4286 2474 4345 coloniae
2520 4281 2876 4362 imposuisse
