3414 5193
1357 508 1433 517 ——
1538 473 1833 533 149-

1318 641 1910 716 Palaestina.

1028 802 1170 868 196.
1220 800 2186 886 Diocletianopolis.
2312 828 2319 835 ·

564 927 1099 1004 Diocletianopolis
1174 925 1574 997 Palaestinae,
1648 926 1911 1003 episcopi
1987 924 2172 996 aedae,
2246 942 2365 981 non
2441 920 2631 980 multo
2706 918 2784 978 ab

437 1014 805 1075 Anthedone
866 1013 1089 1082 aberat,
1155 1020 1333 1092 atque
1387 1010 1716 1071 secundum
1773 1011 2114 1070 testimonia
2158 1007 2462 1069 Hieroclis
2509 1007 2682 1084 (719)
2728 1012 2786 1064 et

437 1099 684 1178 Georgii
757 1098 964 1177 Cyprii
1030 1098 1243 1175 (1012)
1318 1096 1440 1157 fere
1513 1097 1673 1155 intra
1735 1095 2181 1168 Anthedonem,
2255 1090 2784 1170 Eleutheropolim,

436 1185 681 1264 Joppen
749 1184 973 1265 oppida
1037 1184 1152 1243 sita
1218 1192 1359 1242 erat.
1447 1181 1774 1260 Oppidum,
1843 1182 2003 1260 quod
2064 1189 2368 1256 praeterea
2425 1177 2586 1257 apud
2643 1176 2785 1251 Epi-

433 1271 722 1346 phanium
766 1279 1000 1342 (contra
1031 1269 1251 1329 haereS.
1282 1289 1336 1343 p.
1370 1269 1493 1327 318
1528 1267 1814 1346 Dindorf)
1862 1276 1919 1327 et
1963 1267 2027 1325 in
2070 1265 2299 1326 notitiis
2329 1265 2781 1343 episcopatuum

436 1356 525 1433 (V
572 1358 675 1432 93)
746 1363 1260 1426 commemoratur,
1330 1373 1365 1414 a
1421 1352 1801 1413 Diocletiano
1869 1352 2176 1412 conditum
2234 1360 2323 1410 est
2381 1358 2560 1427 atque
2616 1355 2781 1408 sexto

435 1442 675 1502 saeculo
722 1450 877 1501 certe
922 1442 1098 1500 etiam
1143 1440 1228 1499 ita
1274 1438 1574 1500 audiebat.

1303 1637 1824 1723 Aegyptus.

555 1782 694 1855 197.
746 1779 1692 1865 Diocletianopolis
1745 1806 1818 1832 z:
1871 1774 2670 1863 ApollinopoliS.

564 1906 1118 1984 DiocletianopoliS,
1164 1907 1228 1965 in
1275 1905 1557 1982 eparchia
1599 1903 1925 1965 Thebaidis
1970 1904 2131 1962 intra
2174 1901 2407 1980 Copton
2455 1908 2512 1960 et
2545 1897 2785 1958 Thebas

438 1994 569 2064 sita,
586 1993 634 2070 1)
705 2012 860 2071 quae
922 2000 1099 2051 antea
1160 1990 1611 2069 Apollinopolis
1656 1990 1858 2049 Minor
1919 1988 2220 2066 audiebat,
2289 1994 2788 2047 commemoratur

439 2078 602 2157 apud
654 2077 1002 2137 Hieroclem
1058 2078 1255 2154 (732),
1303 2076 1629 2154 Georgium
1664 2074 1953 2153 Cyprium
2019 2076 2212 2148 (773).
2300 2072 2462 2134 Urbs
2515 2090 2668 2149 quae
2711 2089 2785 2128 ex

436 2164 819 2223 Diocletiano
890 2159 1209 2221 nominata
1268 2171 1378 2221 est:
1465 2160 2094 2240 „Diocletianopolis“,
2157 2168 2339 2230 sext0‚
2403 2156 2498 2218 vel
2537 2155 2785 2235 septimo

433 2248 673 2309 saeculo
717 2250 895 2309 etiam
942 2248 1029 2307 ita
1071 2247 1416 2308 vocabatur.

1265 2533 1944 2609 &aleriuz

705 2659 1410 2734 Valerius
1470 2657 2518 2743 Maximianus

1221 2785 2005 2882 293(305)-311.

453 2995 525 3048 A.
569 2991 874 3048 Coloniae
913 2992 1122 3048 nullae
1162 3005 1243 3047 ex
1283 2988 1536 3046 Galerio
1576 2990 2076 3075 cognominatae
2105 2992 2270 3047 sunt.

437 3161 507 3218 B.
550 3160 781 3218 Cetera
823 3160 1078 3230 oppida,
1118 3173 1283 3229 quae
1322 3173 1403 3215 ex
1444 3157 1696 3215 Galerio
1737 3159 2120 3215 Maximiano
2161 3159 2483 3215 nominata
2522 3160 2688 3216 sunt.

1390 3362 1839 3433 Thu-acia.

726 3523 868 3586 198.
918 3521 1806 3607 Maximianopolis
1859 3553 1930 3578 --
1986 3520 2488 3587 Porsulae.

564 3646 856 3708 Porsulae
901 3648 1205 3727 oppidum,
1250 3647 1413 3726 quod
1458 3647 1537 3707 ab
1569 3647 1819 3708 Abdera
1863 3649 1926 3707 in
1974 3648 2260 3709 orientem
2290 3646 2577 3726 vergebat
2606 3656 2786 3727 atque

436 3753 622 3815 prope
688 3753 851 3792 oram
918 3735 1280 3793 maritimam
1346 3733 1521 3792 situm
1585 3742 1742 3805 erat,
1806 3742 2301 3795 commemoratur
2359 3732 2422 3791 in
2481 3733 2785 3794 itinerario

436 3817 743 3878 Antonini
807 3820 972 3893 (321,
1028 3822 1193 3897 331),
1260 3819 1324 3878 in
1391 3818 1605 3879 tabula
1668 3819 2145 3897 Peutingeriana,
2213 3819 2375 3898 apud
2442 3819 2783 3879 Hieroclem

435 3905 630 3981 (634),
679 3902 1148 3964 Constantinum
1197 3905 1795 3985 Porphyrogenetum
1845 3905 1942 3970 (de
1990 3904 2165 3964 them.
2191 3907 2378 3980 47,6),
2426 3904 2781 3984 Procopium

438 3988 534 4065 (de
580 3988 760 4050 aedis.
791 3989 889 4049 IV
926 3991 1044 4065 11),
1094 3991 1486 4050 Ammianum
1519 3994 1645 4066 (27.
1683 3997 1742 4063 4,
1780 3993 1897 4069 13),
1932 3989 2257 4068 Georgium
2305 3991 2594 4073 Cyprium
2639 3992 2786 4069 (50),

438 4073 501 4132 in
547 4075 775 4134 notitiis
818 4074 1270 4153 episcopatuum
1320 4076 1444 4152 (VI
1490 4079 1589 4149 54,
1635 4074 1765 4136 VII
1812 4078 1908 4149 50,
1956 4076 2120 4137 VIII
2151 4078 2274 4155 54).
2361 4080 2433 4136 In
2480 4076 2785 4136 itinerario

571 4334 611 4400 1)
649 4334 723 4385 Η.
763 4333 963 4399 Gelzer,
1000 4333 1066 4384 ad
1104 4333 1292 4399 Georg.
1332 4333 1487 4401 Cypr.
1527 4352 1575 4400 p.
1617 4336 1732 4387 137.
