3414 5193
1522 504 1594 513 ..
1689 469 1727 527 8
1819 505 1897 513 -.

538 634 722 694 Plinii
774 634 1109 694 testimonio
1156 586 1417 713 apparet.
1506 633 1887 712 Cognomina
1932 633 2104 694 Julia
2147 632 2324 694 Felix
2368 642 2601 693 tantum
2647 632 2894 708 publice

539 719 1000 799 usurpabantur.

546 892 644 955 10.
693 890 1118 957 Sutrium
1171 920 1241 947 =
1299 890 2088 958 col.'Coniuncta
2144 890 2405 973 Julia
2459 888 2877 954 Sutrina.

663 1016 952 1090 Sutrium,
1017 1037 1199 1096 prope
1261 1017 1461 1076 lacum
1524 1016 1885 1076 Sabatinum
1932 1016 2138 1088 situm,
2208 1015 2369 1094 apud
2437 1015 2890 1094 chorographos

536 1122 769 1181 semper
811 1103 896 1162 ita
940 1103 1134 1174 audit;
1182 1102 1343 1181 quod
1369 1101 1449 1160 'in
1498 1101 1787 1180 oppidum
1820 1111 1958 1180 post
1990 1111 2214 1176 septem
2246 1121 2455 1173 annos
2501 1121 2680 1178 quam
2714 1100 2910 1162 Galli.

536 1187 744 1247 urbem
790 1188 1068 1266 ceperint,
1114 1188 1412 1248 coloniam
1462 1187 1747 1247 Latinam
1794 1207 1921 1246 esse
1966 1186 2285 1247 deductam
2321 1185 2592 1247 Velleius
2642 1187 2771 1256 (lib.
2813 1187 2894 1246 de

533 1272 808 1347 coloniis)
882 1282 1147 1335 testatur.
1258 1272 1498 1332 Plinius
1574 1282 1772 1332 autem
1842 1272 1965 1349 (ΙΙΙ
2020 1276 2126 1353 51)
2204 1273 2491 1351 oppidum
2547 1273 2880 1344 „coloniam

534 1358 877 1419 Sutrinam“
920 1368 1094 1420 vocat
1145 1368 1324 1437 atque
1386 1359 1450 1417 in
1513 1358 1690 1417 titulo
1735 1358 2079 1432 pontificum
2138 1358 2520 1419 Sutrinorum
2584 1358 2670 1434 (C.
2718 1358 2767 1417 Ι.
2813 1358 2884 1418 L.

534 1443 631 1503 XI
677 1445 866 1524 3254)
924 1445 1170 1523 plenum
1233 1454 1412 1522 atque
1465 1443 1758 1503 sollemne
1810 1463 2057 1502 nomen:
2123 1443 2273 1515 „col.
2330 1443 2670 1504 Coniuncta
2713 1444 2886 1505 Julia

534 1528 818 1590 Sutrina“
861 1531 1164 1608 reperitur.
1255 1531 1439 1589 Anno
1485 1531 1562 1589 41
1612 1530 1953 1607 Agrippam
2002 1528 2293 1601 Sutrium,
2338 1530 2496 1607 quod
2530 1530 2599 1589 L.
2635 1531 2890 1589 Antonii

533 1626 724 1690 partes
787 1625 1053 1676 secutum
1113 1624 1254 1688 erat,
1319 1615 1543 1690 cepisse
1602 1615 1925 1692 Appianus
1983 1614 2063 1689 (b.
2111 1635 2157 1674 c.
2212 1613 2265 1675 V
2316 1617 2421 1691 31)
2482 1614 2693 1687 refert3
2757 1624 2883 1674 tum

532 1699 784 1761 fortasse
848 1701 925 1761 ab
993 1701 1333 1762 Octaviano
1402 1700 1623 1761 civium
1688 1699 1926 1760 colonia
1992 1720 2061 1759 eo
2128 1699 2385 1759 deducta
2452 1709 2553 1759 est.
2575 1704 2618 1778 1)
2716 1700 2886 1776 Quid

531 1787 939 1859 ‚,Coniuncta“
968 1807 1299 1865 cognomen
1333 1786 1446 1845 sibi
1482 1786 1640 1858 velit,
1686 1805 1806 1844 non
1852 1786 2042 1863 liquet
2071 1807 2083 1856 ;
2130 1785 2261 1844 sine
2307 1784 2492 1844 dubio
2525 1788 2896 1864 cognomina

529 1872 736 1944 „Julia
781 1872 1156 1933 Coniuncta“
1202 1892 1325 1931 non
1371 1871 1486 1930 nisi
1535 1871 1777 1950 publice
1823 1870 2288 1930 adhibebantur.

596 2184 691 2245 ll.
744 2182 1249 2246 Pisaurum
1306 2209 1373 2236 z:
1430 2186 1597 2247 col.
1648 2183 1913 2267 Julia
1961 2182 2244 2246 Felix
2292 2182 2825 2246 Pisaurum.

658 2308 981 2368 Pisaurum
1035 2308 1337 2386 oppidum,
1396 2309 1473 2368 ad
1528 2309 1796 2369 Hadriae
1848 2308 1989 2368 litus
2045 2309 2105 2367 in
2169 2309 2271 2368 via
2315 2308 2625 2366 Flaminia
2685 2308 2888 2379 situm,

532 2394 692 2472 apud
755 2393 1194 2472 chorographos
1259 2414 1489 2469 semper
1550 2396 1635 2454 ita
1699 2395 1897 2466 audit3
1968 2393 2179 2453 Livius
2238 2394 2469 2471 (39,44)
2536 2413 2698 2451 anno
2763 2394 2881 2451 184

529 2480 848 2539 Pisaurum
894 2480 1114 2539 civium
1164 2479 1469 2539 coloniam
1514 2501 1641 2540 esse
1687 2479 2005 2540 deductam
2039 2487 2258 2550 narrat,
2309 2487 2488 2555 atque
2517 2477 2888 2537 Plutarchus

529 2566 855 2644 (Antonius
901 2585 949 2626 c.
998 2566 1100 2631 60)
1149 2565 1462 2644 oppidum:
1510 2574 1847 2639 ,,’Λντωνῑου
1883 2571 2039 2624 πόλιν
2059 2564 2431 2644 κληρουχίαν(
2458 2573 2646 2624 vocat.
2695 2564 2881 2624 Anto-

530 2652 700 2710 nium
744 2652 924 2729 igitur
967 2672 1035 2711 eo
1080 2660 1501 2712 veteranorum
1549 2651 1850 2711 coloniam
1899 2650 2220 2710 deduxisse
2250 2660 2514 2728 apparet,
2562 2671 2718 2729 quae
2748 2659 2883 2728 post

531 2736 841 2796 Actiacam
918 2758 1185 2815 pugnam
1260 2737 1336 2797 ab
1405 2737 1740 2814 Octaviano
1821 2736 2181 2815 cognomina
2248 2735 2515 2808 „Juliam
2585 2736 2888 2796 Felicem‘⁶

530 2823 769 2900 accepit.
861 2823 1049 2901 Apud
1094 2821 1357 2881 Plinium
1404 2823 1528 2898 (III
1583 2825 1726 2898 113)
1780 2824 1941 2883 enim
1987 2822 2303 2882 Pisaurum
2361 2822 2671 2895 „coloniw‘
2716 2821 2880 2884 etsin

530 2907 716 2967 titulis
762 2907 849 2980 (C.
896 2910 941 2969 I.
983 2908 1052 2968 L.
1095 2909 1193 2967 XI
1228 2910 1409 2981 6335,
1454 2910 1643 2984 6377)
1688 2909 1964 2981 „colonia
2002 2908 2175 2970 Julia
2203 2908 2415 2969 Felix“
2447 2908 2679 2986 dicitur,
2726 2927 2890 2987 quae

529 2993 887 3072 cognomina
930 3014 1055 3053 non
1102 2994 1219 3053 nisi
1262 2994 1632 3054 sollemniter
1677 2995 2139 3070 usurpabantur.

539 3167 636 3227 12.
689 3166 1039 3229 Fanum
1105 3165 1603 3230 Fortunae
1655 3195 1729 3221 --
1786 3169 1955 3230 col.
2014 3164 2280 3247 Julia
2339 3165 2886 3231 FanestriS.

657 3290 898 3350 Fanum
947 3290 1252 3350 Fortunae
1296 3292 1583 3371 oppidum
1628 3293 1770 3351 item
1817 3292 1878 3349 in
1926 3311 2032 3350 ora
2077 3290 2389 3362 maritima,
2435 3310 2470 3349 a
2515 3290 2767 3349 Pisauro
2814 3289 2876 3347 in

530 3376 833 3436 meridiem
881 3386 1175 3456 spectanS‚
1223 3378 1399 3437 situm
1449 3386 1590 3436 erat.
1680 3376 1986 3457 Oppidum
2037 3375 2238 3434 audit:
2286 3376 2524 3435 Fanum
2573 3375 2888 3434 Fortunae

530 3462 691 3541 apud
735 3461 1002 3521 Plinium
1053 3461 1179 3534 (ΙΙΙ
1229 3464 1388 3539 113),
1437 3464 1538 3541 qui
1586 3461 1857 3522 coloniae
1901 3460 2264 3521 mentionem
2309 3460 2473 3537 facit,
2520 3459 2875 3519 Strabonem

531 3548 616 3624 (V
662 3567 716 3626 p.
752 3549 918 3627 227),
962 3547 1236 3608 Tacitum
1286 3548 1512 3626 (histor.
1559 3548 1661 3607 III
1693 3549 1812 3624 50),
1859 3546 2284 3612 Ptolemaeum⁸
2320 3546 2438 3615 (III
2476 3547 2653 3622 132),
2691 3546 2886 3605 Aure·

528 3633 674 3696 lium
707 3633 1013 3693 Victorem
1064 3635 1277 3712 (352),
1325 3635 1389 3692 in
1423 3633 1729 3693 itinerario
1761 3633 2073 3704 Antonini,
2113 3651 2248 3691 cum
2282 3630 2445 3690 Mela
2492 3630 2582 3708 (ΙΙ
2614 3633 2779 3708 4,64)
2824 3640 2890 3690 et.

532 3718 848 3778 Vitruvius
921 3718 1011 3794 (ΙΙ
1078 3720 1240 3796 9,16)
1317 3719 1604 3798 oppidum
1680 3718 2064 3789 „Fanestrem
2142 3716 2479 3775 coloniam“
2544 3718 2878 3776 nominent.

530 3804 714 3883 Apud
761 3804 1108 3863 Vitruvium
1157 3803 1277 3863 alio
1321 3803 1452 3863 loco
1498 3804 1582 3880 (V
1621 3807 1737 3875 1,6)
1783 3812 1842 3862 et
1884 3804 1948 3860 in
1990 3797 2164 3861 titulo
2208 3800 2294 3879 (C.
2343 3801 2391 3862 Ι.
2439 3803 2493 3862 L
2545 3803 2644 3866 XI
2685 3803 2875 3876 6232)

529 3890 807 3949 occurrit:
853 3889 1062 3961 „Julia
1107 3888 1451 3948 Fanestris“
1495 3897 1553 3948 et
1596 3890 1658 3946 in
1705 3888 1827 3947 alio
1872 3886 2048 3947 titulo
2093 3887 2151 3962 (l.
2183 3908 2229 3947 c.
2267 3889 2482 3967 6238):
2530 3888 2671 3961 .,col.
2706 3886 2878 3949 Julia

529 3975 765 4034 Fanum
816 3974 1184 4046 Fortunae“;
1241 3975 1603 4052 cognomina
1647 3974 1829 4052 igitur
1872 3993 1996 4033 non
2044 3974 2127 4032 ita
2170 3982 2513 4034 consta-nter
2557 3983 2881 4053 ursurpata

529 4080 655 4120 esse
699 4060 991 4120 videntur.
1084 4059 1182 4135 Ab
1209 4059 1557 4142 *Octaviano
1603 4060 1733 4122 sine
1773 4059 1959 4119 dubio
1993 4059 2231 4119 colonia
2259 4059 2517 4120 deducta
2547 4071 2648 4131 est,
2695 4079 2879 4137 quam

528 4145 801 4217 „Juliam
848 4144 1236 4205 Fanestrem“
1280 4144 1634 4217 nominavit,
1691 4154 1869 4223 atque
1920 4146 2176 4224 Augusti
2224 4155 2417 4206 aetate
2461 4145 2611 4205 illud
2659 4164 2882 4204 nomen

672 4340 713 4405 ¹)
750 4339 933 4405 Eugen
971 4339 1256 4390 Bormann:
1297 4339 1354 4391 C.
1391 4340 1436 4391 Ι.
1479 4340 1534 4392 L.
1575 4341 1660 4393 XI
1698 4359 1746 4407 p.
1784 4342 1900 4395 489.
