3414 5193
1530 436 1948 494 ...66-

559 610 943 688 imperatores
988 629 1061 668 ex
1096 610 1371 687 Augusto
1417 628 1605 686 usque
1650 607 1729 667 ad
1759 607 2144 668 Constantem
2177 608 2495 687 pertinent.
2571 608 2918 669 Conventus

556 694 1228 774 „Bracaraugustanus“
1278 695 1340 752 in
1389 692 1591 753 multis
1635 692 1822 753 titulis
1870 692 1960 769 (O.
1990 694 2039 753 Ι.
2085 694 2157 752 L.
2192 693 2256 753 ΙΙ
2290 695 2474 766 2416,
2508 695 2694 767 4123,
2731 696 2915 768 4236,

559 782 755 853 4257,
830 782 1018 853 4204)
1092 788 1620 851 commemoratur,
1688 780 1791 857 qui
1866 799 1987 839 uno
2055 778 2188 839 loco
2258 779 2318 856 (l.
2384 799 2428 838 c.
2480 781 2669 858 2426)
2742 780 2919 840 modo

555 866 1027 944 „Augustanus“
1072 874 1400 926 conventus
1448 864 1680 924 dicitur.
1774 864 2078 937 „Bracara
2134 867 2452 943 Augusta“
2509 865 2674 925 intra
2727 886 2919 925 annos

559 952 834 1024 27-19,
901 951 997 1012 vel
1063 949 1247 1027 paulo
1301 959 1461 1028 post,
1528 959 1592 1008 ut
1654 951 2039 1013 Bracarensis
2104 959 2437 1010 conventus
2500 960 2652 1010 esset
2718 960 2918 1026 caput,

556 1036 797 1097 condita
837 1046 920 1096 ·et
980 1035 1183 1095 multis
1255 1036 1368 1095 viis
1429 1037 1634 1094 stratis
1692 1057 1829 1097 cum
1898 1036 2102 1096 ceteris
2168 1036 2403 1113 magnis
2465 1035 2819 1096 Lusitaniae
2862 1045 2923 1096 et

554 1121 1017 1182 Tarraconensis
1071 1121 1306 1200 oppidis
1360 1121 1684 1181 coniuncta
1744 1132 1846 1183 est.
1937 1121 2174 1181 Nomen
2234 1120 2538 1193 „Bracara
2604 1123 2917 1201 Augusta“

554 1216 767 1286 quarto
811 1206 1051 1267 saeculo
1097 1207 1226 1266 sine
1270 1205 1455 1265 dubio
1501 1206 1678 1266 etiam
1729 1208 1972 1286 volgare
2018 1216 2172 1278 erat,
2238 1206 2299 1264 in
2362 1206 2631 1267 miliariis
2676 1207 2918 1287 quidem

554 1292 677 1352 fere
720 1313 909 1371 usque
954 1291 1031 1351 ad
1079 1312 1310 1352 annum
1357 1294 1478 1352 350
1513 1293 1787 1352 occurrit.
1879 1292 2022 1368 Qua
2066 1313 2141 1352 ex
2172 1300 2366 1352 aetate
2398 1293 2748 1370 „Augusta“
2784 1312 2919 1371 cog-

560 1398 782 1438 nomen
813 1377 1107 1456 paulatim
1138 1376 1377 1449 interiit,
1425 1377 1584 1455 quod
1629 1377 1793 1457 apud
1829 1379 2165 1437 Ausonium
2203 1386 2261 1437 et
2289 1376 2522 1438 Julium
2559 1377 2920 1450 Honorium,

559 1464 666 1542 qui
724 1463 906 1539 paulo
952 1473 1087 1541 post
1131 1483 1361 1522 annum
1411 1464 1534 1521 350
1580 1462 1937 1535 floruerunt,
1996 1483 2117 1523 non
2176 1463 2293 1522 iam
2342 1463 2644 1537 reperitur.
2737 1463 2917 1539 Quod

558 1549 889 1609 Ravennae
948 1549 1128 1608 etiam
1187 1549 1540 1627 cognomine
1598 1549 1953 1627 „Augusta“
1998 1549 2211 1620 utitur,
2275 1547 2377 1608 ille
2440 1568 2613 1623 saepe
2657 1548 2917 1620 nomina,

559 1654 672 1694 sua
717 1642 910 1693 aetate
956 1655 1080 1695 non
1115 1635 1235 1693 iam
1281 1635 1523 1711 usitata,
1572 1654 1645 1693 ex
1689 1633 1959 1695 fontibus
2004 1635 2127 1694 suis
2174 1634 2448 1711 sumpsit,
2495 1643 2562 1693 ut
2606 1635 2726 1694 iam
2772 1634 2917 1694 vidi-

551 1739 706 1779 mus.
800 1719 876 1777 In
922 1720 1187 1778 nummis
1233 1720 1393 1779 enim
1444 1719 1834 1798 Visigothicis
1881 1720 2096 1794 (HeisS.
2132 1720 2336 1779 Monn.
2378 1719 2673 1797 Visigoth.
2705 1740 2760 1797 p.
2793 1722 2917 1797 46),

557 1805 659 1884 qui
729 1806 790 1863 in
859 1805 1236 1865 Ravennatis
1303 1804 1722 1883 cosmographi
1798 1814 2049 1865 aetatem
2120 1804 2373 1879 cadunt,
2435 1804 2627 1864 solum
2696 1825 2915 1865 nomen

512 1888 515 1891 ’
553 1889 890 1963 „Bracara“
933 1891 1204 1962 occurrit,
1249 1891 1409 1950 unde
1454 1889 1631 1951 hodie
1673 1891 1947 1969 „Braga“
1992 1900 2188 1951 ortum
2236 1901 2341 1952 est.

1232 2061 1337 2124 46.
1411 2061 1711 2125 Porta
1784 2062 2245 2143 Augusta.

600 2228 605 2231 v
680 2188 863 2249 Porta
909 2190 1202 2267 Augusta,
1245 2208 1400 2267 quae
1441 2197 1679 2248 tantum
1726 2188 1890 2267 apud
1937 2187 2346 2248 Ptolemaeum
2401 2188 2496 2267 (ΙΙ
2546 2189 2711 2262 6,60)
2758 2207 2915 2248 com-

546 2287 907 2335 memoratur
952 2284 1129 2352 atque
1159 2273 1453 2334 Vaccaeis
1500 2274 1876 2342 adscribitur,
1924 2274 2259 2333 secundum
2293 2273 2458 2334 illius
2506 2272 2912 2334 testimonium

542 2360 698 2420 inter
730 2359 1148 2438 Lacobrigam‚
1184 2358 1565 2427 Pallantiam,
1608 2359 1980 2418 Intercatiam
2015 2359 2241 2437 oppida
2272 2360 2389 2419 sita
2421 2370 2566 2433 erat.
2625 2358 2906 2418 Fortasse

546 2446 620 2506 de
663 2447 923 2505 statione
967 2446 1102 2505 viae
1148 2446 1462 2522 Augustae
1506 2441 1595 2522 (C.
1642 2445 1689 2505 I.
1742 2445 1805 2504 L.
1853 2442 1921 2503 II
1966 2446 2168 2517 4701,
2227 2447 2413 2518 4703,
2478 2447 2672 2515 4716,
2719 2445 2913 2520 4721)

545 2531 927 2611 cogitandum
973 2538 1076 2602 est,
1122 2550 1276 2609 quae
1306 2531 1408 2590 via
1453 2531 1614 2590 intra
1658 2549 1848 2589 anuos
1898 2532 1975 2589 26
2006 2531 2150 2591 --25
2203 2530 2281 2589 ab
2331 2532 2613 2611 Augusto
2674 2529 2917 2590 condita

548 2638 676 2678 esse
721 2617 972 2677 videtur.

1246 2717 1353 2789 47.
1424 2715 1690 2781 Nova
1749 2717 2229 2804 Augusta.

676 2843 894 2916 „Nova
944 2843 1274 2921 Augusta“,
1322 2862 1359 2901 a
1402 2842 1605 2901 Plinio
1651 2842 1778 2920 (ΙΙΙ
1811 2844 1912 2922 27)
1946 2861 2071 2902 una
2115 2863 2250 2903 cum
2281 2841 2559 2920 Segovia,
2606 2837 2912 2921 Segontia,

548 2928 799 2991 Uxama
871 2928 1157 2988 Arevacis
1225 2928 1570 2988 attribuitur
1634 2937 1811 3006 atque
1875 2948 1912 2987 a
1967 2927 2314 2987 Ptolemaeo
2380 2928 2475 3007 (ΙΙ
2522 2932 2685 2999 6,56)
2759 2929 2917 2988 intra

564 3013 956 3075 Numantiam
1002 3024 1060 3073 et
1103 3012 1421 3093 Segoviam
1468 3013 1736 3088 ponitur;
1784 3012 2070 3091 oppidum
2117 3014 2312 3092 igitur,
2361 3033 2397 3072 a
2428 3013 2621 3073 Durio
2667 3013 2915 3074 flumine

564 3099 748 3179 paulo
794 3100 857 3157 in
914 3099 1217 3159 meridiem
1276 3119 1507 3171 versuS,
1554 3099 1713 3159 intra
1766 3098 2098 3169 Uxamam,
2161 3098 2509 3177 Segoviam‚
2568 3099 2914 3177 Segontiam

564 3184 788 3264 oppida
847 3184 1025 3244 situm
1088 3183 1295 3244 fuisse*
1333 3184 1584 3245 videtur.
1686 3184 1751 3244 O.
1811 3184 2073 3244 Mueller
2089 3187 2129 3261 l)
2192 3184 2469 3256 „Novam
2535 3185 2915 3263 Augustam“

564 3291 699 3331 cum
762 3268 1214 3348 Augustobriga
1278 3271 1607 3349 componit,
1669 3270 1940 3348 cogitans
2004 3269 2077 3329 de
2129 3269 2343 3342 „Nova
2389 3270 2912 3349 Augustobriga“;

565 3356 668 3416 sed
711 3364 881 3426 errat,
925 3355 1069 3433 quia
1112 3355 1275 3435 apud
1321 3355 1727 3416 Ptolemaeum
1759 3355 1847 3429 (Π
1879 3357 2043 3432 6,54)
2089 3365 2147 3415 et
2177 3356 2239 3414 in
2275 3355 2579 3415 itinerario
2614 3356 2914 3415 Antonini

565 3446 643 3520 (p.
696 3442 844 3516 442)
916 3440 1098 3518 plane
1171 3441 1678 3520 Augostobrigam
1755 3438 2173 3502 Pelendonum
2250 3441 2312 3499 in
2388 3441 2681 3501 territorio
2753 3443 2915 3500 intra

564 3526 957 3586 Numantiam
1023 3535 1081 3585 et
1142 3526 1534 3587 Turasionem
1603 3525 1829 3605 oppida
1890 3525 2077 3586 fuisse
2138 3526 2313 3586 sitam
2381 3525 2647 3586 refertur.
2735 3526 2916 3587 Nova

566 3613 847 3690 Augusta
904 3611 981 3671 ab
1042 3612 1322 3690 Augusto
1387 3613 1547 3672 intra
1609 3631 1802 3671 annos
1866 3615 1946 3672 26
1976 3649 2011 3654 -·
2036 3613 2115 3670 25
2170 3611 2411 3672 condita
2471 3631 2599 3672 esse
2659 3611 2913 3683 videtur,

569 3706 747 3776 atque
807 3696 991 3757 altero
1053 3697 1292 3768 saeculo
1352 3707 1506 3758 certe
1559 3698 1736 3757 etiam
1801 3698 1886 3756 ita
1932 3696 2244 3767 audiebat3
2300 3696 2726 3775 posterioribus
2770 3706 2914 3757 tem-

567 3781 813 3861 poribus
859 3782 1058 3862 oppidi
1104 3784 1326 3843 mentio
1371 3804 1495 3842 non
1542 3782 1608 3841 fit

1217 3918 1322 3982 48.
1395 3918 1744 3982 Turris
1814 3915 2252 3999 Augusti.

692 4043 938 4122 „Turris
988 4045 1283 4122 Augusti“
1325 4064 1429 4104 seu
1475 4042 1786 4103 castellum
1832 4062 1936 4102 seu
1981 4040 2289 4121 oppidum,
2349 4043 2508 4121 quod
2556 4043 2617 4100 in
2665 4050 2914 4120 septem·

567 4128 812 4188 trionali
873 4139 1040 4207 parte
1100 4128 1485 4189 occidentalis
1547 4149 1687 4188 orae
1744 4128 1923 4188 situm
1992 4138 2147 4200 erat,
2214 4127 2377 4206 apud
2444 4127 2637 4187 solum
2688 4127 2913 4187 Melam

706 4302 745 4364 ¹)
784 4300 838 4351 in
875 4298 1100 4350 editione
1136 4298 1418 4350 Ptolemaei
1458 4315 1507 4364 p.
1550 4298 1663 4350 174.
