3414 5193
1383 441 1844 538 —-101'-

455 732 1104 807 flavius
1164 693 2228 830 Vespazianue
2296 734 2794 813 69-79.

656 988 819 1044 quae
859 988 939 1032 ex
981 974 1376 1044 vespasiano
1398 885 2164 1046 ‘tollizigildaceognomina
2201 976 2604 1044 acceperunt.

1470 1095 1774 1200 naum

638 1265 779 1331 104.
851 1265 1329 1331 Sinuessa
1377 1296 1451 1324 =
1505 1270 1675 1332 col.
1728 1266 2072 1332 Flavia
2117 1264 2614 1332 Sinuessa.

581 1389 886 1464 Sinuessa,
932 1391 1304 1471 Campaniae
1349 1392 1658 1474 oppidum,
1704 1378 1867 1475 quod
1912 1394 2246 1453 anno-296
2294 1392 2516 1453 civium
2562 1389 2797 1451 colonia

448 1474 612 1537 facta
654 1487 794 1539 erat.
824 1477 979 1554 (Liv.
1027 1475 1092 1541 X
1138 1479 1235 1550 21,
1282 1477 1499 1542 Vellei.
1548 1479 1578 1541 1
1613 1480 1735 1559 14),
1778 1487 1984 1555 postea
2029 1499 2067 1539 a
2110 1478 2375 1557 quodam
2421 1476 2640 1538 Flavio
2685 1478 2797 1540 im-

451 1571 724 1640 peratore
767 1564 1067 1623 veteranis
1112 1572 1355 1624 auctum
1400 1571 1506 1624 est.
1594 1566 1666 1623 In
1710 1564 1887 1625 titulo
1931 1564 2091 1626 enim
2138 1563 2227 1642 (G.
2272 1563 2320 1624 Ι.
2364 1562 2436 1622 L.
2482 1563 2548 1622 X
2585 1564 2794 1640 4735),

449 1646 537 1709 ibi
581 1657 830 1728 repert0,
875 1647 1154 1726 „colonia
1187 1648 1453 1709 ·Flavia“
1498 1649 1753 1710 occurrit
1797 1658 1974 1732 atque
2018 1650 2083 1708 in
2139 1648 2552 1724 „coloniarum
2599 1647 2791 1710 libro“

451 1732 530 1815 (p.
594 1735 746 1814 237)
808 1733 1012 1814 oppidi
1077 1755 1288 1814 agrum
1350 1734 1645 1795 militibus
1707 1737 1772 1795 in
1845 1734 2150 1815 iugeribus
2224 1733 2351 1795 esse
2416 1735 2794 1813 assignatum

448 1818 725 1892 refertur,
786 1819 947 1899 quod
995 1819 1071 1880 ad
1132 1820 1303 1880 illam
1357 1819 1639 1884 Flaviam
1702 1820 2119 1884 deductionem
2180 1821 2477 1901 pertinere
2539 1819 2792 1882 videtur.

450 1904 588 1979 Quo
633 1925 708 1965 ex
753 1913 1014 1985 tempore
1055 1905 1344 1986 oppidum
1390 1905 1763 1967 sollemniter
1821 1906 2103 1967 audiebat
2156 1905 2303 1978 „ooL
2349 1905 2570 1966 Flavia
2614 1904 2794 1965 Sinu-

448 1997 632 2062 essa“,
696 1989 856 2068 quod
921 2011 1142 2052 nomen
1210 1990 1564 2052 Severorum
1628 2001 1823 2053 aetate
1888 2001 2044 2056 certe
2107 1992 2287 2051 etiam
2362 1990 2791 2070 usurpabatur.

449 2074 890 2152 Vespasianus,
953 2077 1055 2155 qui
1101 2076 1324 2138 Nolam
1381 2086 1697 2138 veteranos
1757 2077 2033 2150 deduxit,
2101 2076 2449 2138 Sinuessam
2497 2076 2793 2136 coloniam

449 2181 685 2242 quoque
730 2162 969 2221 auxisse
1011 2160 1262 2224 videtur.

1091 2322 1389 2395 Gallia
1444 2323 2145 2412 Lugdunensis.

623 2464 766 2528 105.
839 2465 1210 2530 Colonia
1255 2465 1557 2552 Flavia
1606 2466 1903 2532 Forum
1951 2465 2628 2550 Segusiavorum.

577 2591 801 2652 Forum
873 2590 1372 2672 Segusiavorum,
1441 2592 1519 2653 ad
1585 2592 1874 2673 Ligerum
1941 2594 2147 2666 situm,
2216 2613 2252 2653 a
2316 2590 2665 2673 Luguduno
2730 2591 2793 2651 in

450 2677 812 2738 occidentem
889 2677 1189 2756 vergebat.
1309 2678 1619 2760 Oppidum
1704 2680 1789 2740 ita
1875 2678 2044 2738 audit
2130 2678 2291 2754 apud
2378 2678 2793 2738 Ptolemaeum

451 2762 540 2840 (11
589 2764 773 2839 8,14),
817 2764 876 2822 in
923 2762 1136 2823 tabula
1180 2764 1667 2843 Peutingeriana‚
1716 2764 1879 2842 apud
1924 2764 2340 2825 Ravennatem
2390 2764 2509 2839 (IV
2556 2766 2678 2840 26),
2726 2762 2791 2822 in

450 2849 707 2908 miliario
751 2849 1012 2927 quodam
1060 2849 1147 2922 (C.
1200 2849 1242 2910 1.
1288 2850 1357 2909 L.
1402 2848 1569 2909 Xm
1621 2852 1834 2922 1640),
1898 2869 2031 2909 cum
2092 2851 2155 2908 in
2202 2849 2338 2909 aliis
2383 2850 2572 2909 titulis
2618 2849 2678 2926 (1.
2726 2869 2791 2921 0.,

454 2936 633 3005 1629,
685 2936 863 3006 1632,
919 2936 1093 3007 1645,
1147 2938 1331 3005 1646)
1391 2935 1593 2995 modo:
1670 2936 1921 3010 „civitas
1987 2935 2497 3015 Segusiavorum“
2543 2935 2792 2995 dicatur.

449 3020 519 3078 In
566 3019 822 3080 miliario
869 3019 1114 3079 Traiani
1158 3019 1244 3097 (C.
1288 3020 1320 3079 1
1383 3020 1453 3080 L.
1500 3021 1665 3083 XIII
1711 3041 1767 3100 p.
1816 3022 1962 3086 221)
2013 3031 2208 3080 autem
2256 3021 2528 3093 „colonia
2571 3020 2794 3080 Flavia

448 3105 675 3165 Forum
708 3105 1208 3184 Segusiavorum“
1247 3107 1503 3166 occurrit
1609 3110 1663 3166 A
1701 3106 2082 3181 Vespasiano
2123 3108 2304 3184 igitur
2346 3106 2601 3167 fortasse
2631 3104 2792 3165 bello

447 3189 684 3250 Batavo
749 3190 1019 3251 confecto
1078 3191 1141 3249 in
1196 3192 1495 3252 civitatem
1553 3193 2021 3271 Segusiavorum
2082 3192 2319 3253 colonia
2373 3191 2631 3252 deducta
2685 3200 2789 3269 est,

450 3277 545 3336 cui
602 3275 891 3337 sollemne
949 3296 1202 3336 nomen:
1267 3277 1584 3350 „Flaviam
1637 3277 1860 3337 Forum
1932 3278 2436 3357 Segusiavorum“
2493 3277 2792 3357 imposuit,

448 3361 606 3439 quod
653 3371 806 3421 certe
849 3361 974 3421 sub*
1006 3361 1270 3423 Traiano
1303 3363 1476 3422 etiam
1510 3363 1932 3442 usurpabatur.
1998 3364 2218 3424 Postea
2262 3372 2458 3422 autem
2505 3362 2791 3443 oppidum

450 3447 723 3507 coloniae
768 3447 898 3507 iure
940 3448 1238 3524 privatum
1287 3458 1375 3508 est
1426 3458 1605 3527 atque
1662 3448 1872 3509 civitas
1926 3448 2118 3509 libera
2160 3449 2384 3529 evasit,
2439 3458 2506 3508 ut
2548 3458 2795 3528 apparet

449 3552 523 3592 ex
584 3533 854 3592 miliariis
913 3554 964 3594 a.
1015 3536 1136 3592 2537
1198 3543 1255 3594 et
1307 3555 1357 3593 a.
1407 3536 1529 3595 250
1586 3534 1676 3611 (C.
1723 3534 1769 3593 Ι.
1821 3532 1882 3593 L.
1929 3534 2176 3595 XIIII.
2231 3538 2317 3612 c.).
2408 3535 2538 3594 Iam
2594 3533 2790 3594 Ptole·

448 3637 655 3677 maeus
699 3618 922 3678 Forum
968 3618 1429 3698 Segusiavorum
1480 3619 1781 3679 coloniam
1827 3640 1950 3679 non
1997 3619 2155 3680 dicit.

1087 3788 1599 3861 Gen-mania
1652 3790 2161 3881 Super-im·-

458 3931 599 3994 loo.
673 3929 1329 4015 Noviomagus
1381 3964 1451 3992 2:-
1509 3936 1680 3997 col.
1751 3934 2097 3998 Flavia
2163 3933 2660 3999 Nemetum
2711 3965 2803 3997 :-

1320 4045 1331 4057 ·
1446 4021 1831 4112 Speyen

575 4144 635 4206 N
641 4145 1024 4225 oviomaguS,
1090 4146 1407 4207 Nemetum
1472 4157 1674 4227 caput,
1740 4147 1902 4226 quod
1965 4148 2212 4207 sinistra
2278 4149 2339 4207 in
2402 4150 2536 4227 ripa
2589 4147 2791 4208 Rheni

448 4229 626 4289 situm
688 4240 844 4303 erat,
912 4232 997 4291 ita
1049 4232 1217 4292 audit
1275 4233 1438 4312 apud
1506 4233 1913 4295 Ptolemaeum
1979 4234 2070 4309 (II
2116 4235 2309 4310 9,17),
2374 4236 2436 4293 in
2483 4233 2790 4293 itinerario

441 4316 740 4376 Antonini
786 4323 861 4392 (p.
897 4318 1036 4390 253,
1083 4320 1224 4391 355,
1256 4320 1424 4397 374),
1471 4319 1534 4377 in
1579 4318 1791 4378 tabula
1820 4319 2303 4398 Peutingeriana.
2363 4319 2786 4398 Vespasianus
