3414 5193
1568 391 1979 449 ..98-

593 564 950 643 reperimus:
1004 562 1261 637 ,„Claud.
1308 563 1560 636 Derbe“,
1616 564 1678 623 id
1735 572 1824 623 est
1877 563 2407 643 „Claudioderbe.“
2494 564 2621 625 Sub
2675 565 2934 626 Claudio

592 649 945 727 imperatore
987 649 1167 728 igitur
1210 648 1509 728 oppidum,
1537 648 1860 722 ‚beneficiis
1895 657 2164 722 auctum,
2208 650 2499 710 sollemne
2528 650 2681 711 illud
2715 671 2934 712 nomen

590 735 703 795 sibi
749 735 1049 814 imposuit,
1095 735 1257 816 quod
1301 736 1445 804 satis
1490 734 1593 794 diu
1639 744 1990 814 usurpatum
2037 755 2164 795 esse
2208 736 2460 824 videtur.

799 880 1001 970 4119.
1075 904 1976 970 Claudiolaodicea
2026 936 2102 963 :z
2154 906 2676 972 Laodicea.
2770 971 2773 972 γ

721 1032 1023 1092 Laodicea
1065 1030 1410 1104 Combusta,
1454 1052 1606 1114 quae
1652 1032 1730 1091 ab
1764 1030 1972 1091 Iconio
2019 1032 2083 1090 in
2115 1033 2593 1110 septemtrionem
2626 1030 2929 1110 vergebat,

592 1117 753 1196 apud
818 1126 1087 1177 auctores
1150 1137 1380 1195 semper
1434 1118 1520 1177 ita
1582 1117 1766 1179 audit.
1853 1120 1928 1176 In
1992 1119 2251 1177 nummis
2313 1127 2510 1177 autem
2574 1117 2928 1177 Flaviorum

593 1203 789 1279 (Head
834 1202 918 1263 H.
963 1202 1041 1262 N.
1087 1223 1142 1277 p.
1190 1204 1337 1278 596)
1398 1204 1727 1281 reperitur:
1809 1201 2428 1282 „Claudiolaodicea“,
2486 1204 2594 1274 ita,
2654 1217 2722 1262 ut
2765 1204 2930 1282 oppia

590 1289 750 1361 dum,
797 1309 832 1348 a
877 1287 1131 1349 Claudio
1177 1287 1487 1366 privilegio
1534 1297 1794 1360 auctum,
1839 1288 1952 1348 sibi
1998 1287 2152 1347 illud
2197 1283 2532 1366 cognomen
2578 1289 2936 1364 imposuisse

587 1374 877 1435 videatur.
932 1372 1059 1435 Sub
1109 1372 1447 1433 Maximino
1493 1373 1734 1433 demum
1780 1373 2087 1434 Laodicea
2132 1374 2370 1434 colonia
2412 1372 2575 1442 facta
2604 1384 2707 1433 'est
2751 1375 2934 1453 atque

588 1461 651 1518 in
699 1460 962 1519 nummis
1010 1457 1217 1536 (Head
1263 1459 1301 1517 l.
1347 1463 1418 1532 6.)
1464 1458 1629 1518 illius
1677 1460 1871 1519 audit:
1915 1459 2063 1532 „col.
2108 1459 2235 1520 Jul.
2268 1459 2604 1539 Auspicata
2647 1459 2933 1520 Claudioa

589 1544 911 1606 laodicea.“
998 1544 1301 1605 Sollemne
1352 1544 1506 1605 illud
1570 1564 1787 1605 nomen
1851 1544 2461 1617 „Claudiolaodicea“
2522 1546 2705 1624 igitur
2757 1546 2931 1606 tertio
2993 1541 2999 1548 ’

588 1630 826 1691 saeculo
873 1630 1051 1691 etiam
1098 1629 1517 1709 usurpabatur.
2912 1631 2913 1634 ’

1570 1799 1960 1871 Pisidia.

874 1945 1014 2008 120.
1090 1941 1991 2007 Claudioseleucia
2041 1971 2112 1998 .-.-.-.
2167 1940 2656 2010 Seleucia.

714 2069 1011 2149 Seleucia,
1059 2069 1138 2129 ad
1180 2069 1446 2128 Taurum
1498 2068 1965 2146 septemtrionali
2024 2070 2086 2127 in
2155 2078 2324 2146 parte
2368 2069 2634 2128 Pisidiae
2689 2069 2817 2142 sita,
2864 2070 2927 2128 in

587 2156 849 2214 nummis
896 2155 973 2214 ab
1029 2153 1352 2214 Hadriano
1405 2173 1593 2232 usque
1657 2153 1736 2212 ad
1794 2153 2119 2213 Claudium
2173 2153 2499 2235 Gothicum
2555 2154 2922 2215 nominatur:

586 2240 1179 2313 ,‚Claudioseleucia“
1246 2238 1442 2316 (Head
1486 2238 1570 2299 H.
1615 2238 1694 2297 N.
1741 2259 1798 2317 p.
1841 2242 2007 2314 592).
2094 2240 2151 2298 A
2215 2238 2470 2300 Claudio
2527 2240 2708 2318 igitur
2761 2240 2926 2320 oppi-

585 2325 730 2385 dum
774 2325 1055 2385 beneficio
1118 2333 1355 2383 auctum
1414 2343 1542 2383 esse
1600 2323 1837 2384 videtur
1880 2333 2068 2403 atque
2129 2326 2193 2383 in
2240 2324 2402 2385 illius
2445 2325 2728 2385 honorem
2777 2324 2927 2385 illud

586 2411 878 2471 sollemne
907 2430 1128 2470 nomen
1156 2409 1271 2469 sibi
1300 2409 1593 2483 imposuit,
1626 2409 1788 2488 quod
1822 2410 1992 2469 tertio
2023 2409 2260 2470 saeculo
2292 2410 2472 2471 etiam
2503 2411 2924 2487 usurpabatur.
3031 2480 3037 2485 ·

1574 2623 1937 2695 Cilibia.

1012 2769 1153 2834 121.
1206 2765 1925 2852 Claudiopolis
1981 2795 2049 2820 ..-.-.
2105 2765 2513 2833 Ninica?

713 2892 1141 2973 ClaudiopoliS,
1185 2892 1248 2951 in
1294 2893 1532 2953 Isauria
1576 2892 1651 2952 ad
1687 2891 2114 2971 Calycadnum
2163 2892 2307 2965 sita,
2368 2890 2621 2951 fortasse
2675 2912 2924 2952 comme·

583 2989 848 3038 moratur
891 2979 1054 3058 apud
1102 2978 1507 3038 Ptolemaeum
1537 2978 1624 3054 (V
1660 2980 1779 3055 7,7)
1828 2979 1980 3037 inter
2008 2977 2348 3057 Cybistram
2381 2986 2439 3037 et
2483 2977 2923 3056 Mopsucrenen

581 3065 822 3145 oppida.
910 3064 1288 3125 Ptolemaeus
1333 3064 1443 3137 illa
1488 3064 1711 3143 oppida
1754 3062 1908 3122 false
1965 3063 2295 3123 Cataoniae
2354 3063 2586 3135 tribuit,
2641 3084 2797 3142 quae
2843 3063 2920 3122 ad

582 3150 858 3210 Ciliciam
899 3149 1214 3230 pertinent,
1262 3158 1439 3228 atque
1482 3150 1545 3207 in
1578 3146 1793 3211 Cilicia
1838 3168 1943 3228 pro
1978 3147 2467 3228 „Claudiopolis“
2496 3158 2663 3209 vetus
2701 3169 2924 3209 nomen

579 3235 939 3308 ‚,Ninicam“
1013 3236 1098 3311 (V
1156 3237 1286 3307 8,61
1364 3234 1551 3294 affert.
1637 3234 1976 3314 nOppidum
2052 3244 2358 3313 praeterea
2439 3235 2694 3294 occurrit
2767 3234 2927 3314 apud

588 3321 979 3380 Ammianum
1028 3319 1214 3396 (XIV
1236 3321 1376 3395 83),
1423 3319 1769 3379 Hieroclem
1817 3322 2008 3393 (709,
2054 3319 2381 3398 Georgium
2414 3319 2703 3399 Cyprium
2736 3322 2921 3396 (844),

580 3407 642 3465 in
691 3407 912 3471 notitiis
958 3407 1404 3486 episcopatuum
1453 3404 1580 3473 (III
1629 3407 1767 3477 734,
1811 3405 1877 3464 Χ
1911 3407 2074 3481 792),
2122 3406 2186 3464 in
2234 3414 2468 3485 patrum
2514 3405 2922 3465 Nicaenorum

580 3492 923 3552 nominibus
970 3491 1062 3572 (V
1102 3493 1235 3564 171,
1285 3491 1384 3550 ΙΙΙ
1445 3493 1594 3562 173,
1654 3490 1841 3565 alibi).
1930 3491 2296 3563 Antiochus,
2346 3490 2443 3551 IV
2487 3490 2920 3569 Commagenes

579 3585 702 3650 rex,
749 3579 850 3657 qui
898 3598 1061 3637 anno
1079 3580 1157 3636 41
1207 3578 1348 3636 satis
1396 3597 1681 3655 magnam
1731 3585 1951 3656 partem
1986 3575 2251 3651 ,Ciliciae
2296 3596 2332 3636 a
2375 3575 2632 3635 Claudio
2678 3577 2923 3655 accepit,

582 3663 872 3743 oppidum
931 3663 995 3721 in
1059 3662 1296 3723 Claudii
1350 3662 1633 3723 honorem
1688 3661 2213 3742 „Claudiopolim“
2273 3661 2618 3721 nominasse
2672 3662 2922 3735 videtur,

583 3749 741 3829 quod
806 3769 1023 3808 nomen
1085 3748 1230 3808 inde
1290 3747 1451 3828 apud
1509 3747 1817 3807 Romanos
1879 3767 2108 3826 semper
2164 3746 2407 3826 volgare
2486 3756 2629 3807 erat.
2736 3746 2927 3806 Haud

582 3835 701 3894 scio
771 3855 851 3894 an
917 3854 1043 3894 non
1106 3834 1422 3907 ClaudiuS,
1485 3842 1552 3893 ut
1619 3833 1982 3892 Ammianus
2028 3832 2089 3908 (l.
2134 3836 2204 3905 c.)
2251 3832 2450 3904 refert,
2515 3832 2811 3892 coloniam
2857 3852 2925 3892 eo

582 3920 911 3981 deduxerit.
979 3920 1186 3980 Potius
1217 3920 1529 3998 Augustus
1569 3916 1847 3978 Ninicam
1868 3922 1911 3996 1)
1953 3918 2284 3991 „coloniam
2317 3918 2549 3979 «Iuliam
2581 3921 2924 3996 Augustam

557 4005 883 4065 'Felicem“
939 4005 1258 4065 deduxisse
1302 4005 1552 4076 videtur,
1600 4005 1697 4064 cui
1745 4003 1966 4084 oppido
2012 4024 2174 4063 anno
2220 4005 2299 4064 41
2349 4023 2564 4062 nomen
2609 4002 2926 4076 „Claudio-

578 4091 770 4172 polis·‘
813 4091 1155 4170 impositum
1200 4101 1303 4151 est.
1390 4091 1602 4169 Neque
1646 4090 1809 4149 enim
1853 4089 2075 4149 Ninica
2118 4098 2176 4149 et
2219 4088 2634 4169 Claudiopolis
2687 4088 2926 4150 diversa

718 4259 758 4324 ¹)
797 4260 1038 4324 Ramsay,
1076 4260 1204 4311 Asia
1240 4259 1418 4311 Minor
1453 4277 1504 4326 p.
1545 4257 1661 4312 370.
