<?xml version="1.0" encoding="UTF-8"?>
<!DOCTYPE html PUBLIC "-//W3C//DTD XHTML 1.0 Transitional//EN"
    "http://www.w3.org/TR/xhtml1/DTD/xhtml1-transitional.dtd">
<html xmlns="http://www.w3.org/1999/xhtml" xml:lang="en" lang="en">
 <head>
  <title>
</title>
<meta http-equiv="Content-Type" content="text/html;charset=utf-8" />
  <meta name='ocr-system' content='tesseract 3.04.00' />
  <meta name='ocr-capabilities' content='ocr_page ocr_carea ocr_par ocr_line ocrx_word'/>
</head>
<body>
  <div class='ocr_page' id='page_1' title='image "./decoloniisoppid00assmgoog_0072.png"; bbox 0 0 3414 5193; ppageno 0'>
   <div class='ocr_carea' id='block_1_1' title="bbox 1585 478 2009 535">
    <p class='ocr_par' dir='ltr' id='par_1_1' title="bbox 1585 478 2009 535">
     <span class='ocr_line' id='line_1_1' title="bbox 1585 478 2009 535; baseline 0.002 -15"><span class='ocrx_word' id='word_1_1' title='bbox 1585 478 2009 535; x_wconf 75' lang='lat'>-68—</span> 
     </span>
    </p>
   </div>
   <div class='ocr_carea' id='block_1_2' title="bbox 621 650 2975 1326">
    <p class='ocr_par' dir='ltr' id='par_1_2' title="bbox 621 650 2975 1326">
     <span class='ocr_line' id='line_1_2' title="bbox 624 650 2975 729; baseline 0.001 -20"><span class='ocrx_word' id='word_1_2' title='bbox 624 671 744 711; x_wconf 90' lang='lat' dir='ltr'><strong>non</strong></span> <span class='ocrx_word' id='word_1_3' title='bbox 793 650 1154 721; x_wconf 85' lang='lat' dir='ltr'><strong>videnturl).</strong></span> <span class='ocrx_word' id='word_1_4' title='bbox 1222 651 1575 728; x_wconf 86' lang='lat' dir='ltr'><strong>„Augusta“</strong></span> <span class='ocrx_word' id='word_1_5' title='bbox 1620 651 1782 710; x_wconf 91' lang='lat' dir='ltr'><strong>enim</strong></span> <span class='ocrx_word' id='word_1_6' title='bbox 1830 671 1866 710; x_wconf 96' lang='lat' dir='ltr'><strong>a</strong></span> <span class='ocrx_word' id='word_1_7' title='bbox 1912 650 2345 711; x_wconf 89' lang='lat' dir='ltr'><strong>Vocontiorum</strong></span> <span class='ocrx_word' id='word_1_8' title='bbox 2380 650 2599 729; x_wconf 93' lang='lat' dir='ltr'><strong>oppido</strong></span> <span class='ocrx_word' id='word_1_9' title='bbox 2629 651 2975 723; x_wconf 87' lang='lat' dir='ltr'><strong>„Vasione“</strong></span> 
     </span>
     <span class='ocr_line' id='line_1_3' title="bbox 625 734 2975 814; baseline 0.001 -19"><span class='ocrx_word' id='word_1_10' title='bbox 625 744 881 807; x_wconf 88' lang='lat' dir='ltr'><strong>tantum,</strong></span> <span class='ocrx_word' id='word_1_11' title='bbox 927 744 1219 814; x_wconf 88' lang='lat' dir='ltr'><strong>quantum</strong></span> <span class='ocrx_word' id='word_1_12' title='bbox 1264 735 1323 795; x_wconf 87' lang='lat' dir='ltr'>N</span> <span class='ocrx_word' id='word_1_13' title='bbox 1330 756 1652 813; x_wconf 87' lang='lat' dir='ltr'><strong>oeomagus</strong></span> <span class='ocrx_word' id='word_1_14' title='bbox 1701 734 2029 795; x_wconf 89' lang='lat' dir='ltr'><strong>secundum</strong></span> <span class='ocrx_word' id='word_1_15' title='bbox 2076 735 2408 797; x_wconf 80' lang='lat' dir='ltr'><strong>Ptolemaei</strong></span> <span class='ocrx_word' id='word_1_16' title='bbox 2452 737 2858 797; x_wconf 85' lang='lat' dir='ltr'><strong>testimonium</strong></span> <span class='ocrx_word' id='word_1_17' title='bbox 2895 737 2975 797; x_wconf 85' lang='lat' dir='ltr'><strong>ab</strong></span> 
     </span>
     <span class='ocr_line' id='line_1_4' title="bbox 623 820 2974 901; baseline 0 -20"><span class='ocrx_word' id='word_1_18' title='bbox 623 820 829 881; x_wconf 88' lang='lat' dir='ltr'><strong>eodem</strong></span> <span class='ocrx_word' id='word_1_19' title='bbox 876 820 1093 901; x_wconf 90' lang='lat' dir='ltr'><strong>oppido</strong></span> <span class='ocrx_word' id='word_1_20' title='bbox 1140 821 1418 881; x_wconf 87' lang='lat' dir='ltr'><strong>distabat.</strong></span> <span class='ocrx_word' id='word_1_21' title='bbox 1509 820 1752 900; x_wconf 92' lang='lat' dir='ltr'><strong>Oppido</strong></span> <span class='ocrx_word' id='word_1_22' title='bbox 1782 820 2271 892; x_wconf 81' lang='lat' dir='ltr'><strong>Tricastinorum,</strong></span> <span class='ocrx_word' id='word_1_23' title='bbox 2316 820 2474 899; x_wconf 89' lang='lat' dir='ltr'><strong>quod</strong></span> <span class='ocrx_word' id='word_1_24' title='bbox 2511 823 2678 896; x_wconf 88' lang='lat' dir='ltr'><strong>prius</strong></span> <span class='ocrx_word' id='word_1_25' title='bbox 2722 821 2974 883; x_wconf 86' lang='lat' dir='ltr'><strong>fortasse</strong></span> 
     </span>
     <span class='ocr_line' id='line_1_5' title="bbox 621 905 2971 985; baseline 0 -19"><span class='ocrx_word' id='word_1_26' title='bbox 621 906 1077 985; x_wconf 87' lang='lat' dir='ltr'><strong>„Noeomagus“</strong></span> <span class='ocrx_word' id='word_1_27' title='bbox 1136 906 1449 978; x_wconf 84' lang='lat' dir='ltr'><strong>audiebat,</strong></span> <span class='ocrx_word' id='word_1_28' title='bbox 1513 905 1590 966; x_wconf 87' lang='lat' dir='ltr'><strong>ab</strong></span> <span class='ocrx_word' id='word_1_29' title='bbox 1653 908 1930 985; x_wconf 89' lang='lat' dir='ltr'><strong>Augusto</strong></span> <span class='ocrx_word' id='word_1_30' title='bbox 1995 926 2157 967; x_wconf 88' lang='lat' dir='ltr'><strong>anno</strong></span> <span class='ocrx_word' id='word_1_31' title='bbox 2222 909 2329 978; x_wconf 77' lang='lat'><strong>27,</strong></span> <span class='ocrx_word' id='word_1_32' title='bbox 2393 927 2496 966; x_wconf 89' lang='lat' dir='ltr'><strong>seu</strong></span> <span class='ocrx_word' id='word_1_33' title='bbox 2557 907 2717 966; x_wconf 87' lang='lat' dir='ltr'><strong>intra</strong></span> <span class='ocrx_word' id='word_1_34' title='bbox 2781 927 2971 968; x_wconf 86' lang='lat' dir='ltr'><strong>annos</strong></span> 
     </span>
     <span class='ocr_line' id='line_1_6' title="bbox 630 991 2972 1071; baseline 0 -20"><span class='ocrx_word' id='word_1_35' title='bbox 630 994 894 1064; x_wconf 86' lang='lat'><strong>16-13,</strong></span> <span class='ocrx_word' id='word_1_36' title='bbox 939 994 1289 1070; x_wconf 87' lang='lat' dir='ltr'><strong>„Augusta“</strong></span> <span class='ocrx_word' id='word_1_37' title='bbox 1334 1011 1551 1051; x_wconf 89' lang='lat' dir='ltr'><strong>nomen</strong></span> <span class='ocrx_word' id='word_1_38' title='bbox 1603 992 1942 1069; x_wconf 89' lang='lat' dir='ltr'><strong>impositum</strong></span> <span class='ocrx_word' id='word_1_39' title='bbox 1990 1001 2093 1051; x_wconf 88' lang='lat' dir='ltr'><strong>est.</strong></span> <span class='ocrx_word' id='word_1_40' title='bbox 2183 991 2492 1070; x_wconf 89' lang='lat' dir='ltr'><strong>Oppidum</strong></span> <span class='ocrx_word' id='word_1_41' title='bbox 2548 992 2689 1052; x_wconf 92' lang='lat' dir='ltr'><strong>inde</strong></span> <span class='ocrx_word' id='word_1_42' title='bbox 2744 1013 2972 1071; x_wconf 82' lang='lat' dir='ltr'><strong>semper</strong></span> 
     </span>
     <span class='ocr_line' id='line_1_7' title="bbox 624 1076 2972 1157; baseline 0 -20"><span class='ocrx_word' id='word_1_43' title='bbox 624 1079 980 1157; x_wconf 81' lang='lat' dir='ltr'><strong>‚,Augusta“</strong></span> <span class='ocrx_word' id='word_1_44' title='bbox 1036 1078 1159 1138; x_wconf 89' lang='lat' dir='ltr'><strong>sive</strong></span> <span class='ocrx_word' id='word_1_45' title='bbox 1215 1077 1635 1156; x_wconf 88' lang='lat' dir='ltr'><strong>„Augustum“</strong></span> <span class='ocrx_word' id='word_1_46' title='bbox 1681 1076 1844 1155; x_wconf 89' lang='lat' dir='ltr'><strong>apud</strong></span> <span class='ocrx_word' id='word_1_47' title='bbox 1904 1077 2215 1137; x_wconf 87' lang='lat' dir='ltr'><strong>Romanos</strong></span> <span class='ocrx_word' id='word_1_48' title='bbox 2259 1078 2619 1150; x_wconf 87' lang='lat' dir='ltr'><strong>vocabatur,</strong></span> <span class='ocrx_word' id='word_1_49' title='bbox 2664 1078 2828 1139; x_wconf 90' lang='lat' dir='ltr'><strong>unde</strong></span> <span class='ocrx_word' id='word_1_50' title='bbox 2872 1079 2972 1138; x_wconf 91' lang='lat' dir='ltr'><strong>ho-</strong></span> 
     </span>
     <span class='ocr_line' id='line_1_8' title="bbox 622 1162 2972 1236; baseline 0 -15"><span class='ocrx_word' id='word_1_51' title='bbox 622 1162 895 1222; x_wconf 92' lang='lat' dir='ltr'><strong>diernum</strong></span> <span class='ocrx_word' id='word_1_52' title='bbox 941 1183 1162 1222; x_wconf 92' lang='lat' dir='ltr'><strong>nomen</strong></span> <span class='ocrx_word' id='word_1_53' title='bbox 1209 1164 1512 1235; x_wconf 87' lang='lat' dir='ltr'><strong>.,Aouste“</strong></span> <span class='ocrx_word' id='word_1_54' title='bbox 1555 1168 1651 1231; x_wconf 85' lang='lat' dir='ltr'><strong>(en</strong></span> <span class='ocrx_word' id='word_1_55' title='bbox 1699 1162 1897 1235; x_wconf 84' lang='lat' dir='ltr'><strong>Dicis)</strong></span> <span class='ocrx_word' id='word_1_56' title='bbox 1946 1172 2220 1223; x_wconf 86' lang='lat' dir='ltr'><strong>exortum</strong></span> <span class='ocrx_word' id='word_1_57' title='bbox 2266 1172 2367 1222; x_wconf 90' lang='lat' dir='ltr'><strong>est.</strong></span> <span class='ocrx_word' id='word_1_58' title='bbox 2427 1163 2972 1236; x_wconf 83' lang='lat' dir='ltr'><strong>„Tricastinoru1n“</strong></span> 
     </span>
     <span class='ocr_line' id='line_1_9' title="bbox 622 1246 1985 1326; baseline -0.002 -18"><span class='ocrx_word' id='word_1_59' title='bbox 622 1268 954 1326; x_wconf 83' lang='lat' dir='ltr'><strong>cognomen</strong></span> <span class='ocrx_word' id='word_1_60' title='bbox 999 1268 1121 1307; x_wconf 90' lang='lat' dir='ltr'><strong>non</strong></span> <span class='ocrx_word' id='word_1_61' title='bbox 1170 1248 1454 1308; x_wconf 86' lang='lat' dir='ltr'><strong>usitatum</strong></span> <span class='ocrx_word' id='word_1_62' title='bbox 1502 1246 1688 1307; x_wconf 87' lang='lat' dir='ltr'><strong>fuisse</strong></span> <span class='ocrx_word' id='word_1_63' title='bbox 1733 1247 1985 1312; x_wconf 83' lang='lat' dir='ltr'><strong>videtur.</strong></span> 
     </span>
    </p>
   </div>
   <div class='ocr_carea' id='block_1_3' title="bbox 1181 1410 2408 1494">
    <p class='ocr_par' dir='ltr' id='par_1_3' title="bbox 1181 1410 2408 1494">
     <span class='ocr_line' id='line_1_10' title="bbox 1181 1410 2408 1494; baseline 0.002 -20"><span class='ocrx_word' id='word_1_64' title='bbox 1181 1412 1286 1477; x_wconf 85' lang='lat'><strong>52.</strong></span> <span class='ocrx_word' id='word_1_65' title='bbox 1358 1410 1896 1494; x_wconf 87' lang='lat' dir='ltr'><strong>Augustum</strong></span> <span class='ocrx_word' id='word_1_66' title='bbox 1946 1438 2023 1466; x_wconf 89' lang='grc'><strong>--</strong></span> <span class='ocrx_word' id='word_1_67' title='bbox 2073 1411 2408 1477; x_wconf 73' lang='grc' dir='ltr'><strong>Αοεῒε.·</strong></span> 
     </span>
    </p>
   </div>
   <div class='ocr_carea' id='block_1_4' title="bbox 616 1536 2970 2207">
    <p class='ocr_par' dir='ltr' id='par_1_4' title="bbox 616 1536 2970 2207">
     <span class='ocr_line' id='line_1_11' title="bbox 750 1536 2967 1615; baseline -0 -19"><span class='ocrx_word' id='word_1_68' title='bbox 750 1536 1110 1615; x_wconf 88' lang='lat' dir='ltr'><strong>Augustum,</strong></span> <span class='ocrx_word' id='word_1_69' title='bbox 1156 1536 1331 1615; x_wconf 93' lang='lat' dir='ltr'><strong>quod,</strong></span> <span class='ocrx_word' id='word_1_70' title='bbox 1378 1557 1415 1595; x_wconf 88' lang='lat' dir='ltr'><strong>a</strong></span> <span class='ocrx_word' id='word_1_71' title='bbox 1445 1536 1695 1596; x_wconf 86' lang='lat' dir='ltr'><strong>Vienna</strong></span> <span class='ocrx_word' id='word_1_72' title='bbox 1738 1537 1800 1595; x_wconf 92' lang='lat' dir='ltr'><strong>in</strong></span> <span class='ocrx_word' id='word_1_73' title='bbox 1833 1536 2116 1596; x_wconf 76' lang='lat' dir='ltr'><strong>orientem</strong></span> <span class='ocrx_word' id='word_1_74' title='bbox 2151 1555 2373 1609; x_wconf 80' lang='lat' dir='ltr'><strong>versuS,</strong></span> <span class='ocrx_word' id='word_1_75' title='bbox 2419 1536 2574 1596; x_wconf 91' lang='lat' dir='ltr'><strong>inter</strong></span> <span class='ocrx_word' id='word_1_76' title='bbox 2615 1536 2967 1615; x_wconf 79' lang='lat' dir='ltr'><strong>Bergusium</strong></span> 
     </span>
     <span class='ocr_line' id='line_1_12' title="bbox 622 1620 2967 1700; baseline -0.001 -18"><span class='ocrx_word' id='word_1_77' title='bbox 622 1632 680 1682; x_wconf 93' lang='lat' dir='ltr'><strong>et</strong></span> <span class='ocrx_word' id='word_1_78' title='bbox 721 1621 1089 1682; x_wconf 87' lang='lat' dir='ltr'><strong>Labisonem</strong></span> <span class='ocrx_word' id='word_1_79' title='bbox 1136 1621 1358 1700; x_wconf 87' lang='lat' dir='ltr'><strong>oppida</strong></span> <span class='ocrx_word' id='word_1_80' title='bbox 1401 1622 1582 1681; x_wconf 87' lang='lat' dir='ltr'><strong>situm</strong></span> <span class='ocrx_word' id='word_1_81' title='bbox 1628 1631 1782 1693; x_wconf 87' lang='lat' dir='ltr'><strong>erat,</strong></span> <span class='ocrx_word' id='word_1_82' title='bbox 1843 1622 1929 1680; x_wconf 91' lang='lat' dir='ltr'><strong>ita</strong></span> <span class='ocrx_word' id='word_1_83' title='bbox 1973 1620 2143 1681; x_wconf 89' lang='lat' dir='ltr'><strong>audit</strong></span> <span class='ocrx_word' id='word_1_84' title='bbox 2199 1622 2262 1680; x_wconf 90' lang='lat' dir='ltr'><strong>in</strong></span> <span class='ocrx_word' id='word_1_85' title='bbox 2316 1622 2618 1682; x_wconf 88' lang='lat' dir='ltr'><strong>itinerario</strong></span> <span class='ocrx_word' id='word_1_86' title='bbox 2664 1623 2967 1682; x_wconf 83' lang='lat' dir='ltr'><strong>Antonini</strong></span> 
     </span>
     <span class='ocr_line' id='line_1_13' title="bbox 620 1706 2967 1787; baseline 0.001 -21"><span class='ocrx_word' id='word_1_87' title='bbox 620 1714 703 1787; x_wconf 82' lang='lat' dir='ltr'><strong>(p.</strong></span> <span class='ocrx_word' id='word_1_88' title='bbox 750 1709 930 1780; x_wconf 89' lang='lat'><strong>346),</strong></span> <span class='ocrx_word' id='word_1_89' title='bbox 996 1708 1059 1766; x_wconf 91' lang='lat' dir='ltr'><strong>in</strong></span> <span class='ocrx_word' id='word_1_90' title='bbox 1127 1707 1340 1767; x_wconf 87' lang='lat' dir='ltr'><strong>tabula</strong></span> <span class='ocrx_word' id='word_1_91' title='bbox 1404 1707 1899 1786; x_wconf 84' lang='lat' dir='ltr'><strong>Peutingeriana,</strong></span> <span class='ocrx_word' id='word_1_92' title='bbox 1967 1706 2128 1785; x_wconf 87' lang='lat' dir='ltr'><strong>apud</strong></span> <span class='ocrx_word' id='word_1_93' title='bbox 2194 1707 2608 1767; x_wconf 85' lang='lat' dir='ltr'><strong>Ravennatem</strong></span> <span class='ocrx_word' id='word_1_94' title='bbox 2665 1707 2784 1784; x_wconf 86' lang='lat' dir='ltr'><strong>(IV</strong></span> <span class='ocrx_word' id='word_1_95' title='bbox 2832 1708 2967 1781; x_wconf 80' lang='lat'>26);</span> 
     </span>
     <span class='ocr_line' id='line_1_14' title="bbox 619 1790 2968 1872; baseline 0 -21"><span class='ocrx_word' id='word_1_96' title='bbox 619 1802 926 1872; x_wconf 88' lang='lat' dir='ltr'><strong>praeterea</strong></span> <span class='ocrx_word' id='word_1_97' title='bbox 992 1793 1056 1851; x_wconf 92' lang='lat' dir='ltr'><strong>in</strong></span> <span class='ocrx_word' id='word_1_98' title='bbox 1123 1793 1308 1852; x_wconf 87' lang='lat' dir='ltr'><strong>titulis</strong></span> <span class='ocrx_word' id='word_1_99' title='bbox 1377 1790 1467 1870; x_wconf 86' lang='lat' dir='ltr'><strong>(C.</strong></span> <span class='ocrx_word' id='word_1_100' title='bbox 1526 1793 1571 1854; x_wconf 89' lang='lat'><strong>1.</strong></span> <span class='ocrx_word' id='word_1_101' title='bbox 1630 1793 1700 1852; x_wconf 86' lang='lat' dir='ltr'><strong>L.</strong></span> <span class='ocrx_word' id='word_1_102' title='bbox 1748 1792 1881 1852; x_wconf 94' lang='lat' dir='ltr'><strong>XII</strong></span> <span class='ocrx_word' id='word_1_103' title='bbox 1952 1795 2149 1865; x_wconf 81' lang='lat'><strong>2393,</strong></span> <span class='ocrx_word' id='word_1_104' title='bbox 2216 1794 2408 1865; x_wconf 84' lang='lat'><strong>2395,</strong></span> <span class='ocrx_word' id='word_1_105' title='bbox 2477 1793 2666 1871; x_wconf 81' lang='lat'><strong>2424)</strong></span> <span class='ocrx_word' id='word_1_106' title='bbox 2732 1793 2968 1866; x_wconf 84' lang='lat' dir='ltr'><strong>„vicani</strong></span> 
     </span>
     <span class='ocr_line' id='line_1_15' title="bbox 621 1877 2969 1957; baseline 0 -20"><span class='ocrx_word' id='word_1_107' title='bbox 621 1878 1046 1957; x_wconf 85' lang='lat' dir='ltr'><strong>‚‚Augustani“</strong></span> <span class='ocrx_word' id='word_1_108' title='bbox 1113 1886 1448 1939; x_wconf 89' lang='lat' dir='ltr'><strong>occurrunt.</strong></span> <span class='ocrx_word' id='word_1_109' title='bbox 1538 1877 1846 1957; x_wconf 89' lang='lat' dir='ltr'><strong>Oppidum</strong></span> <span class='ocrx_word' id='word_1_110' title='bbox 1917 1877 1994 1937; x_wconf 87' lang='lat' dir='ltr'><strong>ab</strong></span> <span class='ocrx_word' id='word_1_111' title='bbox 2069 1879 2347 1955; x_wconf 89' lang='lat' dir='ltr'><strong>Augusto</strong></span> <span class='ocrx_word' id='word_1_112' title='bbox 2422 1877 2629 1938; x_wconf 87' lang='lat' dir='ltr'><strong>eodem</strong></span> <span class='ocrx_word' id='word_1_113' title='bbox 2703 1887 2969 1957; x_wconf 91' lang='lat' dir='ltr'><strong>tempore</strong></span> 
     </span>
     <span class='ocr_line' id='line_1_16' title="bbox 618 1963 2970 2043; baseline -0.001 -19"><span class='ocrx_word' id='word_1_114' title='bbox 618 1973 796 2042; x_wconf 86' lang='lat' dir='ltr'><strong>atque</strong></span> <span class='ocrx_word' id='word_1_115' title='bbox 837 1965 1213 2043; x_wconf 86' lang='lat' dir='ltr'><strong>„Augustam</strong></span> <span class='ocrx_word' id='word_1_116' title='bbox 1259 1963 1770 2024; x_wconf 85' lang='lat' dir='ltr'><strong>Tricastinorum“</strong></span> <span class='ocrx_word' id='word_1_117' title='bbox 1815 1983 1940 2024; x_wconf 89' lang='lat' dir='ltr'><strong>esse</strong></span> <span class='ocrx_word' id='word_1_118' title='bbox 1985 1963 2294 2023; x_wconf 90' lang='lat' dir='ltr'><strong>conditum</strong></span> <span class='ocrx_word' id='word_1_119' title='bbox 2337 1973 2479 2039; x_wconf 90' lang='lat' dir='ltr'><strong>puto</strong></span> <span class='ocrx_word' id='word_1_120' title='bbox 2491 1985 2505 2034; x_wconf 91' lang='lat'>;</span> <span class='ocrx_word' id='word_1_121' title='bbox 2550 1965 2970 2042; x_wconf 89' lang='lat' dir='ltr'><strong>„Augustum“</strong></span> 
     </span>
     <span class='ocr_line' id='line_1_17' title="bbox 616 2048 2965 2128; baseline 0 -20"><span class='ocrx_word' id='word_1_122' title='bbox 616 2069 837 2109; x_wconf 90' lang='lat' dir='ltr'><strong>nomen</strong></span> <span class='ocrx_word' id='word_1_123' title='bbox 913 2049 1076 2128; x_wconf 89' lang='lat' dir='ltr'><strong>apud</strong></span> <span class='ocrx_word' id='word_1_124' title='bbox 1138 2049 1446 2109; x_wconf 87' lang='lat' dir='ltr'><strong>Romanos</strong></span> <span class='ocrx_word' id='word_1_125' title='bbox 1522 2069 1756 2128; x_wconf 89' lang='lat' dir='ltr'><strong>semper</strong></span> <span class='ocrx_word' id='word_1_126' title='bbox 1829 2048 2075 2128; x_wconf 89' lang='lat' dir='ltr'><strong>volgare</strong></span> <span class='ocrx_word' id='word_1_127' title='bbox 2148 2058 2301 2121; x_wconf 86' lang='lat' dir='ltr'><strong>erat,</strong></span> <span class='ocrx_word' id='word_1_128' title='bbox 2376 2049 2539 2109; x_wconf 88' lang='lat' dir='ltr'><strong>unde</strong></span> <span class='ocrx_word' id='word_1_129' title='bbox 2611 2048 2965 2110; x_wconf 89' lang='lat' dir='ltr'><strong>hodiernum</strong></span> 
     </span>
     <span class='ocr_line' id='line_1_18' title="bbox 618 2135 1522 2207; baseline 0.001 -14"><span class='ocrx_word' id='word_1_130' title='bbox 618 2154 839 2195; x_wconf 92' lang='lat' dir='ltr'><strong>nomen</strong></span> <span class='ocrx_word' id='word_1_131' title='bbox 882 2135 1140 2207; x_wconf 90' lang='lat' dir='ltr'><strong>„Aoste“</strong></span> <span class='ocrx_word' id='word_1_132' title='bbox 1184 2144 1375 2194; x_wconf 91' lang='lat' dir='ltr'><strong>ortum</strong></span> <span class='ocrx_word' id='word_1_133' title='bbox 1421 2142 1522 2194; x_wconf 86' lang='lat' dir='ltr'><strong>est.</strong></span> 
     </span>
    </p>
   </div>
   <div class='ocr_carea' id='block_1_5' title="bbox 997 2322 2595 2551">
    <p class='ocr_par' dir='ltr' id='par_1_5' title="bbox 997 2322 2595 2551">
     <span class='ocr_line' id='line_1_19' title="bbox 1520 2322 2055 2408; baseline -0.006 -16"><span class='ocrx_word' id='word_1_134' title='bbox 1520 2322 2055 2408; x_wconf 65' lang='lat' dir='ltr'><strong>Aquitania.</strong></span> 
     </span>
     <span class='ocr_line' id='line_1_20' title="bbox 997 2463 2595 2551; baseline 0 -23"><span class='ocrx_word' id='word_1_135' title='bbox 997 2464 1102 2529; x_wconf 88' lang='grc'><strong>53.</strong></span> <span class='ocrx_word' id='word_1_136' title='bbox 1174 2465 1936 2548; x_wconf 87' lang='lat' dir='ltr'><strong>Augustoritum</strong></span> <span class='ocrx_word' id='word_1_137' title='bbox 1988 2491 2059 2518; x_wconf 66' lang='grc' dir='ltr'><strong>τ-</strong></span> <span class='ocrx_word' id='word_1_138' title='bbox 2115 2463 2595 2551; x_wconf 82' lang='lat' dir='ltr'><strong>LimogeS.</strong></span> 
     </span>
    </p>
   </div>
   <div class='ocr_carea' id='block_1_6' title="bbox 611 2588 2967 4207">
    <p class='ocr_par' dir='ltr' id='par_1_6' title="bbox 611 2588 2967 4207">
     <span class='ocr_line' id='line_1_21' title="bbox 747 2588 2959 2671; baseline -0.001 -19"><span class='ocrx_word' id='word_1_139' title='bbox 747 2589 1234 2670; x_wconf 82' lang='lat' dir='ltr'><strong>Augustoritum,</strong></span> <span class='ocrx_word' id='word_1_140' title='bbox 1279 2590 1471 2671; x_wconf 92' lang='lat' dir='ltr'><strong>quod,</strong></span> <span class='ocrx_word' id='word_1_141' title='bbox 1516 2589 1591 2651; x_wconf 87' lang='lat' dir='ltr'><strong>ad</strong></span> <span class='ocrx_word' id='word_1_142' title='bbox 1651 2588 1998 2670; x_wconf 85' lang='lat' dir='ltr'><strong>Vigennam</strong></span> <span class='ocrx_word' id='word_1_143' title='bbox 2045 2588 2268 2650; x_wconf 90' lang='lat' dir='ltr'><strong>flumen</strong></span> <span class='ocrx_word' id='word_1_144' title='bbox 2314 2590 2520 2663; x_wconf 89' lang='lat' dir='ltr'><strong>situm,</strong></span> <span class='ocrx_word' id='word_1_145' title='bbox 2568 2589 2959 2651; x_wconf 86' lang='lat' dir='ltr'><strong>Lemovicum</strong></span> 
     </span>
     <span class='ocr_line' id='line_1_22' title="bbox 619 2675 2965 2756; baseline -0.001 -18"><span class='ocrx_word' id='word_1_146' title='bbox 619 2686 802 2756; x_wconf 89' lang='lat' dir='ltr'><strong>caput</strong></span> <span class='ocrx_word' id='word_1_147' title='bbox 871 2685 1022 2749; x_wconf 89' lang='lat' dir='ltr'><strong>erat,</strong></span> <span class='ocrx_word' id='word_1_148' title='bbox 1099 2676 1259 2755; x_wconf 91' lang='lat' dir='ltr'><strong>apud</strong></span> <span class='ocrx_word' id='word_1_149' title='bbox 1335 2676 1745 2736; x_wconf 84' lang='lat' dir='ltr'><strong>Ptolemaeum</strong></span> <span class='ocrx_word' id='word_1_150' title='bbox 1790 2676 1881 2753; x_wconf 90' lang='lat' dir='ltr'><strong>(II</strong></span> <span class='ocrx_word' id='word_1_151' title='bbox 1931 2678 2025 2749; x_wconf 85' lang='lat'><strong>7,6</strong></span> <span class='ocrx_word' id='word_1_152' title='bbox 2098 2684 2155 2736; x_wconf 88' lang='lat' dir='ltr'><strong>et</strong></span> <span class='ocrx_word' id='word_1_153' title='bbox 2202 2677 2265 2734; x_wconf 93' lang='lat' dir='ltr'><strong>in</strong></span> <span class='ocrx_word' id='word_1_154' title='bbox 2312 2675 2620 2735; x_wconf 85' lang='lat' dir='ltr'><strong>itinerario</strong></span> <span class='ocrx_word' id='word_1_155' title='bbox 2663 2677 2965 2736; x_wconf 89' lang='lat' dir='ltr'><strong>Antonini</strong></span> 
     </span>
     <span class='ocr_line' id='line_1_23' title="bbox 620 2761 2964 2841; baseline -0 -18"><span class='ocrx_word' id='word_1_156' title='bbox 620 2766 698 2839; x_wconf 90' lang='lat' dir='ltr'><strong>(p.</strong></span> <span class='ocrx_word' id='word_1_157' title='bbox 743 2763 891 2841; x_wconf 82' lang='lat'>462)</span> <span class='ocrx_word' id='word_1_158' title='bbox 951 2762 1147 2821; x_wconf 90' lang='lat' dir='ltr'><strong>audit:</strong></span> <span class='ocrx_word' id='word_1_159' title='bbox 1235 2762 1783 2840; x_wconf 87' lang='lat' dir='ltr'><strong>„Augustoritum“,</strong></span> <span class='ocrx_word' id='word_1_160' title='bbox 1845 2762 1910 2821; x_wconf 91' lang='lat' dir='ltr'><strong>in</strong></span> <span class='ocrx_word' id='word_1_161' title='bbox 1966 2770 2028 2821; x_wconf 86' lang='lat' dir='ltr'><strong>ta</strong></span> <span class='ocrx_word' id='word_1_162' title='bbox 2075 2761 2179 2821; x_wconf 92' lang='lat' dir='ltr'><strong>ula</strong></span> <span class='ocrx_word' id='word_1_163' title='bbox 2236 2761 2732 2840; x_wconf 86' lang='lat' dir='ltr'><strong>Peutingeriana:</strong></span> <span class='ocrx_word' id='word_1_164' title='bbox 2778 2763 2964 2834; x_wconf 75' lang='lat' dir='ltr'><strong>„Aus</strong></span> 
     </span>
     <span class='ocr_line' id='line_1_24' title="bbox 617 2846 2964 2927; baseline 0 -20"><span class='ocrx_word' id='word_1_165' title='bbox 617 2848 796 2908; x_wconf 75' lang='lat' dir='ltr'><strong>Bit-‚0⁴⁴</strong></span> <span class='ocrx_word' id='word_1_166' title='bbox 839 2847 1018 2924; x_wconf 87' lang='lat' dir='ltr'><strong>(false</strong></span> <span class='ocrx_word' id='word_1_167' title='bbox 1060 2868 1168 2926; x_wconf 93' lang='lat' dir='ltr'><strong>pro</strong></span> <span class='ocrx_word' id='word_1_168' title='bbox 1214 2849 1374 2927; x_wconf 90' lang='lat' dir='ltr'><strong>Aug.</strong></span> <span class='ocrx_word' id='word_1_169' title='bbox 1419 2848 1604 2923; x_wconf 89' lang='lat' dir='ltr'><strong>Rito),</strong></span> <span class='ocrx_word' id='word_1_170' title='bbox 1651 2847 1715 2906; x_wconf 92' lang='lat' dir='ltr'><strong>in</strong></span> <span class='ocrx_word' id='word_1_171' title='bbox 1761 2847 1935 2907; x_wconf 91' lang='lat' dir='ltr'><strong>titulo</strong></span> <span class='ocrx_word' id='word_1_172' title='bbox 1967 2847 2228 2926; x_wconf 91' lang='lat' dir='ltr'><strong>quodam</strong></span> <span class='ocrx_word' id='word_1_173' title='bbox 2257 2846 2711 2926; x_wconf 82' lang='lat' dir='ltr'><strong>(Esperandieu,</strong></span> <span class='ocrx_word' id='word_1_174' title='bbox 2757 2847 2964 2926; x_wconf 89' lang='lat' dir='ltr'><strong>Epigr.</strong></span> 
     </span>
     <span class='ocr_line' id='line_1_25' title="bbox 617 2932 2963 3012; baseline -0 -20"><span class='ocrx_word' id='word_1_175' title='bbox 617 2933 701 2993; x_wconf 96' lang='lat' dir='ltr'><strong>du</strong></span> <span class='ocrx_word' id='word_1_176' title='bbox 759 2933 974 2993; x_wconf 87' lang='lat' dir='ltr'><strong>Poitou</strong></span> <span class='ocrx_word' id='word_1_177' title='bbox 1035 2942 1093 2993; x_wconf 88' lang='lat' dir='ltr'><strong>et</strong></span> <span class='ocrx_word' id='word_1_178' title='bbox 1157 2933 1231 2993; x_wconf 90' lang='lat' dir='ltr'><strong>de</strong></span> <span class='ocrx_word' id='word_1_179' title='bbox 1293 2933 1354 2993; x_wconf 87' lang='lat' dir='ltr'><strong>la</strong></span> <span class='ocrx_word' id='word_1_180' title='bbox 1398 2933 1760 3012; x_wconf 86' lang='lat' dir='ltr'><strong>Saintonge,</strong></span> <span class='ocrx_word' id='word_1_181' title='bbox 1813 2953 1869 3011; x_wconf 90' lang='lat' dir='ltr'><strong>p.</strong></span> <span class='ocrx_word' id='word_1_182' title='bbox 1921 2935 2037 2992; x_wconf 83' lang='lat'><strong>157</strong></span> <span class='ocrx_word' id='word_1_183' title='bbox 2086 2954 2143 2991; x_wconf 90' lang='lat' dir='ltr'><strong>n.</strong></span> <span class='ocrx_word' id='word_1_184' title='bbox 2193 2934 2325 3004; x_wconf 84' lang='lat'>69):</span> <span class='ocrx_word' id='word_1_185' title='bbox 2414 2932 2963 3012; x_wconf 84' lang='lat' dir='ltr'><strong>„Aug(ustoritum)</strong></span> 
     </span>
     <span class='ocr_line' id='line_1_26' title="bbox 613 3016 2959 3097; baseline -0 -18"><span class='ocrx_word' id='word_1_186' title='bbox 613 3019 924 3097; x_wconf 87' lang='lat' dir='ltr'><strong>civi(tas)“,</strong></span> <span class='ocrx_word' id='word_1_187' title='bbox 971 3019 1035 3077; x_wconf 93' lang='lat' dir='ltr'><strong>in</strong></span> <span class='ocrx_word' id='word_1_188' title='bbox 1080 3039 1326 3079; x_wconf 88' lang='lat' dir='ltr'><strong>nummo</strong></span> <span class='ocrx_word' id='word_1_189' title='bbox 1379 3019 1534 3097; x_wconf 87' lang='lat' dir='ltr'><strong>regis</strong></span> <span class='ocrx_word' id='word_1_190' title='bbox 1588 3017 1922 3096; x_wconf 88' lang='lat' dir='ltr'><strong>Dagoberti</strong></span> <span class='ocrx_word' id='word_1_191' title='bbox 1974 3018 2001 3077; x_wconf 85' lang='lat'>1</span> <span class='ocrx_word' id='word_1_192' title='bbox 2055 3016 2366 3095; x_wconf 87' lang='lat' dir='ltr'><strong>(Melange</strong></span> <span class='ocrx_word' id='word_1_193' title='bbox 2419 3017 2494 3078; x_wconf 90' lang='lat' dir='ltr'><strong>de</strong></span> <span class='ocrx_word' id='word_1_194' title='bbox 2536 3018 2813 3078; x_wconf 90' lang='lat' dir='ltr'><strong>numism.</strong></span> <span class='ocrx_word' id='word_1_195' title='bbox 2859 3018 2959 3078; x_wconf 92' lang='grc' dir='ltr'><strong>ΠΙ</strong></span> 
     </span>
     <span class='ocr_line' id='line_1_27' title="bbox 611 3101 2957 3183; baseline -0 -19"><span class='ocrx_word' id='word_1_196' title='bbox 611 3125 668 3183; x_wconf 89' lang='lat' dir='ltr'><strong>p.</strong></span> <span class='ocrx_word' id='word_1_197' title='bbox 720 3106 891 3181; x_wconf 85' lang='lat'>191):</span> <span class='ocrx_word' id='word_1_198' title='bbox 965 3105 1346 3178; x_wconf 82' lang='lat' dir='ltr'><strong>„Lemnovix</strong></span> <span class='ocrx_word' id='word_1_199' title='bbox 1376 3102 1853 3182; x_wconf 86' lang='lat' dir='ltr'><strong>Augustoredo“,</strong></span> <span class='ocrx_word' id='word_1_200' title='bbox 1897 3104 1961 3161; x_wconf 91' lang='lat' dir='ltr'><strong>in</strong></span> <span class='ocrx_word' id='word_1_201' title='bbox 1994 3101 2183 3163; x_wconf 85' lang='lat' dir='ltr'><strong>lexico</strong></span> <span class='ocrx_word' id='word_1_202' title='bbox 2214 3103 2572 3163; x_wconf 89' lang='lat' dir='ltr'><strong>Tironiano:</strong></span> <span class='ocrx_word' id='word_1_203' title='bbox 2617 3104 2957 3182; x_wconf 87' lang='lat' dir='ltr'><strong>„Augusto-</strong></span> 
     </span>
     <span class='ocr_line' id='line_1_28' title="bbox 612 3188 2963 3267; baseline -0.001 -17"><span class='ocrx_word' id='word_1_204' title='bbox 612 3197 855 3261; x_wconf 89' lang='lat' dir='ltr'><strong>retum“,</strong></span> <span class='ocrx_word' id='word_1_205' title='bbox 900 3190 965 3248; x_wconf 90' lang='lat' dir='ltr'><strong>in</strong></span> <span class='ocrx_word' id='word_1_206' title='bbox 1011 3189 1226 3249; x_wconf 89' lang='lat' dir='ltr'><strong>notitia</strong></span> <span class='ocrx_word' id='word_1_207' title='bbox 1270 3188 1614 3250; x_wconf 86' lang='lat' dir='ltr'><strong>Galliarum</strong></span> <span class='ocrx_word' id='word_1_208' title='bbox 1659 3188 1815 3265; x_wconf 93' lang='lat' dir='ltr'>(XII</span> <span class='ocrx_word' id='word_1_209' title='bbox 1863 3190 1949 3267; x_wconf 86' lang='lat'><strong>7):</strong></span> <span class='ocrx_word' id='word_1_210' title='bbox 1996 3188 2227 3260; x_wconf 89' lang='lat' dir='ltr'><strong>,civitas</strong></span> <span class='ocrx_word' id='word_1_211' title='bbox 2271 3189 2721 3250; x_wconf 87' lang='lat' dir='ltr'><strong>Lemovicum.“</strong></span> <span class='ocrx_word' id='word_1_212' title='bbox 2763 3190 2963 3249; x_wconf 91' lang='lat' dir='ltr'><strong>Annis</strong></span> 
     </span>
     <span class='ocr_line' id='line_1_29' title="bbox 619 3272 2965 3354; baseline -0 -19"><span class='ocrx_word' id='word_1_213' title='bbox 619 3278 695 3335; x_wconf 81' lang='lat'><strong>27</strong></span> <span class='ocrx_word' id='word_1_214' title='bbox 746 3284 925 3354; x_wconf 87' lang='lat' dir='ltr'><strong>atque</strong></span> <span class='ocrx_word' id='word_1_215' title='bbox 983 3276 1230 3334; x_wconf 84' lang='lat'>16—13</span> <span class='ocrx_word' id='word_1_216' title='bbox 1287 3274 1601 3353; x_wconf 87' lang='lat' dir='ltr'><strong>Augustus</strong></span> <span class='ocrx_word' id='word_1_217' title='bbox 1656 3272 1895 3335; x_wconf 85' lang='lat' dir='ltr'><strong>Gallias</strong></span> <span class='ocrx_word' id='word_1_218' title='bbox 1949 3273 2145 3333; x_wconf 89' lang='lat' dir='ltr'><strong>denuo</strong></span> <span class='ocrx_word' id='word_1_219' title='bbox 2202 3274 2458 3333; x_wconf 83' lang='lat' dir='ltr'><strong>instituit</strong></span> <span class='ocrx_word' id='word_1_220' title='bbox 2525 3284 2704 3353; x_wconf 87' lang='lat' dir='ltr'><strong>atque</strong></span> <span class='ocrx_word' id='word_1_221' title='bbox 2764 3274 2965 3334; x_wconf 89' lang='lat' dir='ltr'><strong>multis</strong></span> 
     </span>
     <span class='ocr_line' id='line_1_30' title="bbox 615 3358 2963 3440; baseline -0 -20"><span class='ocrx_word' id='word_1_222' title='bbox 615 3360 892 3439; x_wconf 79' lang='lat' dir='ltr'><strong>gentibus</strong></span> <span class='ocrx_word' id='word_1_223' title='bbox 935 3380 1098 3421; x_wconf 88' lang='lat' dir='ltr'><strong>nova</strong></span> <span class='ocrx_word' id='word_1_224' title='bbox 1143 3360 1344 3440; x_wconf 88' lang='lat' dir='ltr'><strong>capita</strong></span> <span class='ocrx_word' id='word_1_225' title='bbox 1387 3358 1687 3431; x_wconf 82' lang='lat' dir='ltr'><strong>condidit,</strong></span> <span class='ocrx_word' id='word_1_226' title='bbox 1736 3358 1832 3419; x_wconf 89' lang='lat' dir='ltr'><strong>vel</strong></span> <span class='ocrx_word' id='word_1_227' title='bbox 1879 3358 2175 3437; x_wconf 84' lang='lat' dir='ltr'><strong>capitibus</strong></span> <span class='ocrx_word' id='word_1_228' title='bbox 2223 3379 2384 3419; x_wconf 90' lang='lat' dir='ltr'><strong>nova</strong></span> <span class='ocrx_word' id='word_1_229' title='bbox 2428 3361 2698 3431; x_wconf 86' lang='lat' dir='ltr'><strong>nomina,</strong></span> <span class='ocrx_word' id='word_1_230' title='bbox 2745 3361 2963 3438; x_wconf 86' lang='lat' dir='ltr'><strong>partim</strong></span> 
     </span>
     <span class='ocr_line' id='line_1_31' title="bbox 615 3444 2967 3525; baseline -0 -19"><span class='ocrx_word' id='word_1_231' title='bbox 615 3466 689 3506; x_wconf 87' lang='lat' dir='ltr'><strong>ex</strong></span> <span class='ocrx_word' id='word_1_232' title='bbox 734 3447 923 3525; x_wconf 86' lang='lat' dir='ltr'><strong>ipsius</strong></span> <span class='ocrx_word' id='word_1_233' title='bbox 969 3446 1214 3506; x_wconf 91' lang='lat' dir='ltr'><strong>nomine</strong></span> <span class='ocrx_word' id='word_1_234' title='bbox 1257 3445 1457 3524; x_wconf 88' lang='lat' dir='ltr'><strong>petita,</strong></span> <span class='ocrx_word' id='word_1_235' title='bbox 1505 3445 1805 3524; x_wconf 88' lang='lat' dir='ltr'><strong>imposuit.</strong></span> <span class='ocrx_word' id='word_1_236' title='bbox 1895 3444 2138 3520; x_wconf 71' lang='lat' dir='ltr'><strong>Quibus</strong></span> <span class='ocrx_word' id='word_1_237' title='bbox 2196 3444 2371 3504; x_wconf 85' lang='lat' dir='ltr'><strong>annis</strong></span> <span class='ocrx_word' id='word_1_238' title='bbox 2428 3444 2611 3523; x_wconf 88' lang='lat' dir='ltr'><strong>igitur</strong></span> <span class='ocrx_word' id='word_1_239' title='bbox 2668 3448 2967 3523; x_wconf 88' lang='lat' dir='ltr'><strong>Augusto·</strong></span> 
     </span>
     <span class='ocr_line' id='line_1_32' title="bbox 616 3530 2965 3610; baseline -0 -20"><span class='ocrx_word' id='word_1_240' title='bbox 616 3532 817 3610; x_wconf 88' lang='lat' dir='ltr'><strong>ritum,</strong></span> <span class='ocrx_word' id='word_1_241' title='bbox 864 3545 931 3591; x_wconf 92' lang='lat' dir='ltr'><strong>ut</strong></span> <span class='ocrx_word' id='word_1_242' title='bbox 976 3532 1365 3591; x_wconf 87' lang='lat' dir='ltr'><strong>Lemovicum</strong></span> <span class='ocrx_word' id='word_1_243' title='bbox 1411 3539 1564 3590; x_wconf 89' lang='lat' dir='ltr'><strong>esset</strong></span> <span class='ocrx_word' id='word_1_244' title='bbox 1609 3539 1807 3609; x_wconf 90' lang='lat' dir='ltr'><strong>caput,</strong></span> <span class='ocrx_word' id='word_1_245' title='bbox 1855 3530 2165 3590; x_wconf 90' lang='lat' dir='ltr'><strong>conditum</strong></span> <span class='ocrx_word' id='word_1_246' title='bbox 2211 3550 2338 3590; x_wconf 86' lang='lat' dir='ltr'><strong>esse</strong></span> <span class='ocrx_word' id='word_1_247' title='bbox 2368 3550 2595 3591; x_wconf 79' lang='lat' dir='ltr'><strong>censeo,</strong></span> <span class='ocrx_word' id='word_1_248' title='bbox 2661 3530 2965 3610; x_wconf 90' lang='lat' dir='ltr'><strong>Oppidum</strong></span> 
     </span>
     <span class='ocr_line' id='line_1_33' title="bbox 617 3615 2967 3695; baseline -0 -18"><span class='ocrx_word' id='word_1_249' title='bbox 617 3638 693 3677; x_wconf 85' lang='lat' dir='ltr'><strong>ex</strong></span> <span class='ocrx_word' id='word_1_250' title='bbox 738 3616 844 3677; x_wconf 92' lang='lat' dir='ltr'><strong>illo</strong></span> <span class='ocrx_word' id='word_1_251' title='bbox 892 3626 1155 3695; x_wconf 90' lang='lat' dir='ltr'><strong>tempore</strong></span> <span class='ocrx_word' id='word_1_252' title='bbox 1199 3636 1388 3695; x_wconf 90' lang='lat' dir='ltr'><strong>usque</strong></span> <span class='ocrx_word' id='word_1_253' title='bbox 1448 3616 1527 3675; x_wconf 91' lang='lat' dir='ltr'><strong>ad</strong></span> <span class='ocrx_word' id='word_1_254' title='bbox 1588 3624 1869 3694; x_wconf 83' lang='lat' dir='ltr'><strong>quartum</strong></span> <span class='ocrx_word' id='word_1_255' title='bbox 1934 3615 2241 3676; x_wconf 87' lang='lat' dir='ltr'><strong>saeculum</strong></span> <span class='ocrx_word' id='word_1_256' title='bbox 2298 3616 2384 3675; x_wconf 91' lang='lat' dir='ltr'><strong>ita</strong></span> <span class='ocrx_word' id='word_1_257' title='bbox 2450 3616 2734 3676; x_wconf 87' lang='lat' dir='ltr'><strong>audiebat</strong></span> <span class='ocrx_word' id='word_1_258' title='bbox 2747 3638 2761 3688; x_wconf 93' lang='lat'>;</span> <span class='ocrx_word' id='word_1_259' title='bbox 2823 3616 2967 3676; x_wconf 88' lang='lat' dir='ltr'><strong>inde</strong></span> 
     </span>
     <span class='ocr_line' id='line_1_34' title="bbox 619 3700 2963 3781; baseline 0 -19"><span class='ocrx_word' id='word_1_260' title='bbox 619 3712 818 3763; x_wconf 88' lang='lat' dir='ltr'><strong>autem</strong></span> <span class='ocrx_word' id='word_1_261' title='bbox 864 3702 1324 3781; x_wconf 90' lang='lat' dir='ltr'><strong>Augustoritum</strong></span> <span class='ocrx_word' id='word_1_262' title='bbox 1368 3721 1589 3761; x_wconf 90' lang='lat' dir='ltr'><strong>nomen</strong></span> <span class='ocrx_word' id='word_1_263' title='bbox 1636 3700 1932 3780; x_wconf 85' lang='lat' dir='ltr'><strong>paulatim</strong></span> <span class='ocrx_word' id='word_1_264' title='bbox 1979 3700 2274 3761; x_wconf 89' lang='lat' dir='ltr'><strong>intercidit</strong></span> <span class='ocrx_word' id='word_1_265' title='bbox 2317 3711 2494 3780; x_wconf 88' lang='lat' dir='ltr'><strong>atque</strong></span> <span class='ocrx_word' id='word_1_266' title='bbox 2533 3702 2817 3781; x_wconf 89' lang='lat' dir='ltr'><strong>oppidum</strong></span> <span class='ocrx_word' id='word_1_267' title='bbox 2865 3721 2963 3762; x_wconf 85' lang='lat' dir='ltr'><strong>vo-</strong></span> 
     </span>
     <span class='ocr_line' id='line_1_35' title="bbox 618 3786 2967 3869; baseline -0.002 -20"><span class='ocrx_word' id='word_1_268' title='bbox 618 3787 895 3849; x_wconf 89' lang='lat' dir='ltr'><strong>cabatur:</strong></span> <span class='ocrx_word' id='word_1_269' title='bbox 942 3787 1192 3861; x_wconf 86' lang='lat' dir='ltr'><strong>„civitas</strong></span> <span class='ocrx_word' id='word_1_270' title='bbox 1236 3787 1665 3847; x_wconf 87' lang='lat' dir='ltr'><strong>Lemovicum“</strong></span> <span class='ocrx_word' id='word_1_271' title='bbox 1695 3786 1793 3846; x_wconf 85' lang='lat' dir='ltr'><strong>vel</strong></span> <span class='ocrx_word' id='word_1_272' title='bbox 1835 3795 2045 3865; x_wconf 86' lang='lat' dir='ltr'><strong>postea</strong></span> <span class='ocrx_word' id='word_1_273' title='bbox 2073 3786 2281 3848; x_wconf 89' lang='lat' dir='ltr'><strong>modo:</strong></span> <span class='ocrx_word' id='word_1_274' title='bbox 2327 3786 2762 3869; x_wconf 74' lang='lat' dir='ltr'><strong>„Lemovices“,</strong></span> <span class='ocrx_word' id='word_1_275' title='bbox 2808 3786 2967 3846; x_wconf 90' lang='lat' dir='ltr'><strong>unde</strong></span> 
     </span>
     <span class='ocr_line' id='line_1_36' title="bbox 616 3872 2967 3952; baseline -0 -20"><span class='ocrx_word' id='word_1_276' title='bbox 616 3872 970 3934; x_wconf 90' lang='lat' dir='ltr'><strong>hodiernum</strong></span> <span class='ocrx_word' id='word_1_277' title='bbox 1016 3892 1236 3932; x_wconf 91' lang='lat' dir='ltr'><strong>nomen</strong></span> <span class='ocrx_word' id='word_1_278' title='bbox 1282 3872 1640 3951; x_wconf 87' lang='lat' dir='ltr'><strong>„Limoges“</strong></span> <span class='ocrx_word' id='word_1_279' title='bbox 1684 3873 1896 3943; x_wconf 84' lang='lat' dir='ltr'><strong>evasit3</strong></span> <span class='ocrx_word' id='word_1_280' title='bbox 1952 3872 2017 3930; x_wconf 90' lang='lat' dir='ltr'><strong>in</strong></span> <span class='ocrx_word' id='word_1_281' title='bbox 2072 3891 2318 3932; x_wconf 91' lang='lat' dir='ltr'><strong>nummo</strong></span> <span class='ocrx_word' id='word_1_282' title='bbox 2382 3872 2738 3951; x_wconf 84' lang='lat' dir='ltr'><strong>Dagoberti,</strong></span> <span class='ocrx_word' id='word_1_283' title='bbox 2784 3892 2967 3952; x_wconf 87' lang='lat' dir='ltr'><strong>supra</strong></span> 
     </span>
     <span class='ocr_line' id='line_1_37' title="bbox 620 3956 2966 4037; baseline 0 -19"><span class='ocrx_word' id='word_1_284' title='bbox 620 3960 831 4031; x_wconf 85' lang='lat' dir='ltr'><strong>citat0,</strong></span> <span class='ocrx_word' id='word_1_285' title='bbox 897 3956 1264 4019; x_wconf 86' lang='lat' dir='ltr'><strong>sollemniter</strong></span> <span class='ocrx_word' id='word_1_286' title='bbox 1327 3958 1507 4017; x_wconf 85' lang='lat' dir='ltr'><strong>etiam</strong></span> <span class='ocrx_word' id='word_1_287' title='bbox 1573 3966 1746 4018; x_wconf 86' lang='lat' dir='ltr'><strong>vetus</strong></span> <span class='ocrx_word' id='word_1_288' title='bbox 1808 3976 2028 4017; x_wconf 92' lang='lat' dir='ltr'><strong>nomen</strong></span> <span class='ocrx_word' id='word_1_289' title='bbox 2098 3966 2331 4035; x_wconf 87' lang='lat' dir='ltr'><strong>praeter</strong></span> <span class='ocrx_word' id='word_1_290' title='bbox 2394 3957 2641 4037; x_wconf 91' lang='lat' dir='ltr'><strong>volgare</strong></span> <span class='ocrx_word' id='word_1_291' title='bbox 2698 3957 2966 4018; x_wconf 89' lang='lat' dir='ltr'><strong>occurrit.</strong></span> 
     </span>
     <span class='ocr_line' id='line_1_38' title="bbox 621 4042 2965 4122; baseline -0.001 -18"><span class='ocrx_word' id='word_1_292' title='bbox 621 4043 857 4104; x_wconf 89' lang='lat' dir='ltr'><strong>Vocula</strong></span> <span class='ocrx_word' id='word_1_293' title='bbox 922 4042 1150 4103; x_wconf 84' lang='lat' dir='ltr'><strong>Celtica</strong></span> <span class='ocrx_word' id='word_1_294' title='bbox 1209 4043 1463 4116; x_wconf 90' lang='lat' dir='ltr'><strong>„ritum“</strong></span> <span class='ocrx_word' id='word_1_295' title='bbox 1523 4043 1825 4122; x_wconf 87' lang='lat' dir='ltr'><strong>significat</strong></span> <span class='ocrx_word' id='word_1_296' title='bbox 1884 4043 2200 4115; x_wconf 89' lang='lat' dir='ltr'><strong>„vadum“,</strong></span> <span class='ocrx_word' id='word_1_297' title='bbox 2265 4043 2347 4103; x_wconf 88' lang='lat' dir='ltr'><strong>ita</strong></span> <span class='ocrx_word' id='word_1_298' title='bbox 2412 4052 2480 4102; x_wconf 95' lang='lat' dir='ltr'><strong>ut</strong></span> <span class='ocrx_word' id='word_1_299' title='bbox 2535 4043 2821 4122; x_wconf 90' lang='lat' dir='ltr'><strong>oppidum</strong></span> <span class='ocrx_word' id='word_1_300' title='bbox 2887 4042 2965 4102; x_wconf 87' lang='lat' dir='ltr'><strong>ad</strong></span> 
     </span>
     <span class='ocr_line' id='line_1_39' title="bbox 623 4127 2518 4207; baseline -0.001 -17"><span class='ocrx_word' id='word_1_301' title='bbox 623 4129 847 4190; x_wconf 88' lang='lat' dir='ltr'><strong>vadum</strong></span> <span class='ocrx_word' id='word_1_302' title='bbox 895 4128 1216 4206; x_wconf 89' lang='lat' dir='ltr'><strong>Vigennae</strong></span> <span class='ocrx_word' id='word_1_303' title='bbox 1260 4128 1336 4189; x_wconf 88' lang='lat' dir='ltr'><strong>ab</strong></span> <span class='ocrx_word' id='word_1_304' title='bbox 1381 4130 1660 4207; x_wconf 87' lang='lat' dir='ltr'><strong>Augusto</strong></span> <span class='ocrx_word' id='word_1_305' title='bbox 1704 4129 2011 4189; x_wconf 91' lang='lat' dir='ltr'><strong>conditum</strong></span> <span class='ocrx_word' id='word_1_306' title='bbox 2059 4147 2187 4188; x_wconf 86' lang='lat' dir='ltr'><strong>esse</strong></span> <span class='ocrx_word' id='word_1_307' title='bbox 2231 4127 2518 4189; x_wconf 83' lang='lat' dir='ltr'><strong>videatur.</strong></span> 
     </span>
    </p>
   </div>
   <div class='ocr_carea' id='block_1_7' title="bbox 633 4266 1040 4276">
    <p class='ocr_par' dir='ltr' id='par_1_7' title="bbox 633 4266 1040 4276">
     <span class='ocr_line' id='line_1_40' title="bbox 633 4266 1040 4276; baseline 0 0"><span class='ocrx_word' id='word_1_308' title='bbox 633 4266 1040 4276; x_wconf 95' lang='lat' dir='ltr'><strong> </strong></span> 
     </span>
    </p>
   </div>
   <div class='ocr_carea' id='block_1_8' title="bbox 751 4329 1990 4397">
    <p class='ocr_par' dir='ltr' id='par_1_8' title="bbox 751 4329 1990 4397">
     <span class='ocr_line' id='line_1_41' title="bbox 751 4329 1990 4397; baseline 0.003 -16"><span class='ocrx_word' id='word_1_309' title='bbox 751 4333 791 4393; x_wconf 72' lang='grc' dir='ltr'><strong>ι)</strong></span> <span class='ocrx_word' id='word_1_310' title='bbox 828 4331 965 4384; x_wconf 72' lang='lat' dir='ltr'><strong>otto·</strong></span> <span class='ocrx_word' id='word_1_311' title='bbox 989 4331 1303 4395; x_wconf 73' lang='lat' dir='ltr'><strong>Hirschfeld,</strong></span> <span class='ocrx_word' id='word_1_312' title='bbox 1339 4331 1397 4383; x_wconf 79' lang='lat' dir='ltr'><strong>c,</strong></span> <span class='ocrx_word' id='word_1_313' title='bbox 1438 4332 1484 4385; x_wconf 94' lang='lat'><strong>1.</strong></span> <span class='ocrx_word' id='word_1_314' title='bbox 1520 4331 1581 4383; x_wconf 92' lang='lat' dir='ltr'><strong>L.</strong></span> <span class='ocrx_word' id='word_1_315' title='bbox 1632 4330 1750 4381; x_wconf 79' lang='grc' dir='ltr'><strong>ΧΗ</strong></span> <span class='ocrx_word' id='word_1_316' title='bbox 1788 4349 1836 4397; x_wconf 86' lang='lat' dir='ltr'><strong>p.</strong></span> <span class='ocrx_word' id='word_1_317' title='bbox 1871 4329 1990 4385; x_wconf 81' lang='lat'><strong>205.</strong></span> 
     </span>
    </p>
   </div>
  </div>
 </body>
</html>
