3414 5193
463 653 789 732 pertinent.
897 651 1054 712 Julii
1117 661 1317 711 autem
1380 651 1653 712 Caesaris
1720 652 2023 712 dictatoris
2088 662 2279 711 aetate
2338 650 2561 711 Cumas
2624 649 2810 710 fuisse

462 736 864 816 municipium
921 758 993 797 ex
1042 736 1349 798 Ciceronis
1406 738 1465 795 in
1511 736 1771 816 epistula
1814 736 2015 797 verbis
2062 737 2161 815 (ad
2206 738 2389 796 Attio.
2432 736 2496 795 X
2547 738 2707 811 13,1)
2754 746 2812 796 et

459 843 543 882 ·ex
602 822 992 902 inscriptione
1046 821 1342 883 fistularia
1400 821 1489 895 (C.
1536 823 1583 883 Ι.
1631 822 1700 882 L.
1747 823 1809 882 X
1858 824 2065 902 3711),
2128 843 2285 900 quae
2337 822 2473 882 item
2537 822 2596 880 in
2656 821 2808 880 illud

462 917 702 988 tempus
747 908 923 981 cadit,
943 912 989 983 1)
1033 917 1300 988 apparet.
1388 907 1642 968 Colonia
1685 908 1729 969 J
1732 907 1860 967 ulia
1903 909 2084 986 igitur
2114 907 2192 967 ab
2225 908 2572 980 Octaviam,
2619 908 2811 987 prius-

459 1013 649 1072 -quam
695 994 1043 1072 ‚,Augusti“
1087 1014 1420 1072 cognomen
1465 993 1580 1053 sibi
1627 994 1925 1073 imposuit,
1971 994 2130 1053 intra
2174 1013 2366 1054 annos
2420 995 2668 1052 31—27
2717 992 2814 1052 de-

468 1078 649 1139 ducta
692 1087 809 1151 est;
846 1079 907 1138 in
956 1078 1108 1149 libro
1153 1079 1523 1140 coloniarum
1568 1080 1729 1139 enim
1762 1079 2137 1140 Octavianus
2167 1099 2398 1159 semper
2426 1080 2813 1156 „Augustus“

465 1165 833 1237 nominatur,
877 1185 982 1226 seu
1025 1165 1100 1225 de
1140 1165 1319 1225 rebus
1366 1175 1506 1225 ante
1551 1184 1779 1225 annum
1826 1166 1903 1222 27
1937 1165 2134 1243 gestis,
2181 1164 2388 1227 seulde
2417 1164 2612 1236 rebus,
2657 1183 2812 1242 quae

465 1246 603 1328 p'ost
645 1270 873 1309 annum
926 1252 1003 1309 27
1054 1251 1412 1321 acciderunt,
1460 1251 1672 1329 agitur.
1762 1250 1943 1325 Quod
1974 1249 2209 1310 Plinius
2240 1250 2464 1310 Cumas
2510 1248 2809 1309 coloniam

466 1354 589 1394 non
653 1335 811 1408 dicit,
875 1356 1068 1396 errore
1129 1337 1389 1415 quodam
1452 1335 1677 1396 factum
1741 1356 1867 1395 esse
1910 1335 2158 1408 videtur,
2221 1336 2380 1414 quod
2424 1334 2515 1394 illi
2560 1355 2683 1394 non
2729 1334 2813 1393 ita

463 1440 603 1480 raro
669 1422 933 1499 contigit,
1002 1431 1069 1481 ut
1131 1422 1249 1482 iam
1313 1421 1590 1482 vidimus.
1681 1421 1822 1481 Hac
1884 1422 1946 1480 in
2005 1442 2067 1481 re
2121 1420 2493 1481 coloniarum
2547 1420 2702 1479 libro
2755 1428 2812 1479 et

462 1505 643 1566 titulo
689 1505 905 1567 collato
950 1506 1086 1586 plus
1129 1507 1514 1567 tribuendum
1559 1516 1662 1567 est.

651 1697 748 1760 18.
800 1700 1121 1782 Capua
1172 1725 1246 1753 =
1299 1700 1468 1764 col.
1528 1698 1792 1782 Julia
1849 1699 2298 1785 Augusta
2353 1695 2633 1760 Felix

1120 1820 2162 1885 ConcordiaValeria.
2653 1830 2655 1832 ’

588 1963 826 2042 Capua,
871 1962 1244 2042 Campaniae
1287 1964 1657 2024 nobilissima
1700 1963 1860 2036 urbS,
1908 1964 2069 2044 apud
2116 1962 2554 2042 chorographos
2585 1981 2815 2040 semper

468 2050 554 2108 ita
600 2047 786 2108 audit.
875 2048 1189 2109 Caesarem
1235 2049 1581 2110 dictatorem
1629 2070 1793 2109 anno
1825 2052 1904 2109 59
1938 2049 2214 2129 Capuam
2246 2048 2376 2126 lege
2404 2047 2575 2110 Julia
2602 2047 2814 2126 viginti

469 2133 640 2193 milia
700 2133 927 2193 civium
998 2134 1319 2194 deduxisse
1378 2134 1669 2195 referunt:
1738 2135 1965 2195 Caesar
2029 2136 2156 2215 ipse
2219 2133 2381 2212 (bell.
2436 2134 2547 2194 civ.
2607 2135 2638 2192 Ι
2696 2134 2815 2209 14),

468 2218 745 2279 Velleius
794 2218 883 2296 (Π
930 2220 1056 2297 44),
1101 2219 1420 2280 Suetonius
1468 2220 1718 2298 (Caesar
1757 2241 1805 2280 c.
1840 2221 1961 2294 20),
2009 2221 2331 2300 Appianus
2378 2219 2459 2296 (b.
2491 2239 2538 2280 c.
2577 2218 2643 2277 H
2683 2221 2814 2295 10);

469 2304 612 2364 urbs
657 2314 781 2363 tum
831 2304 1070 2364 colonia
1114 2305 1292 2365 Felix
1335 2304 1510 2366 Julia
1553 2307 1871 2366 nominata
1914 2326 2040 2366 esse
2085 2306 2337 2376 videtur,
2389 2304 2549 2383 quod
2597 2324 2813 2364 nomen

468 2390 532 2448 in
595 2390 965 2450 coloniarum
1027 2390 1181 2450 libro
1245 2392 1514 2453 occurrit.
1624 2392 1700 2450 In
1764 2391 1940 2452 titulo
1989 2401 2203 2464 autem,
2270 2390 2579 2450 Hadriani
2624 2398 2817 2450 aetate

462 2477 806 2554 conscripto
872 2474 957 2553 (C.
1017 2476 1065 2537 Ι.
1123 2477 1192 2537 L.
1253 2478 1319 2536 X
1374 2479 1582 2556 3832),
1649 2477 1863 2557 Capua
1925 2478 2120 2537 audit:
2193 2475 2338 2549 „col.
2403 2475 2575 2537 Julia
2640 2475 2817 2535 Felix

472 2562 783 2640 Augus-ta“
851 2571 908 2622 et
961 2563 1022 2622 in
1084 2561 1260 2623 titulo
1318 2563 1684 2624 Diocletiani
1746 2564 1955 2624 aetatis
2015 2562 2075 2642 (l.
2120 2582 2167 2623 c.
2215 2564 2377 2622 3867
2387 2564 2436 2639 ):
2504 2560 2614 2622 col.
2660 2560 2816 2622 Con-

461 2647 676 2707 cordia
728 2646 900 2710 Julia
954 2647 1207 2709 Valeria
1261 2649 1434 2708 Felix
1481 2649 1711 2729 Capua.
1810 2649 2006 2709 Paulo
2062 2658 2195 2729 post
2240 2648 2515 2708 Caesaris
2570 2657 2815 2707 mortem

464 2731 548 2792 ab
594 2733 861 2794 Antonio
921 2734 1247 2794 secundum
1307 2744 1443 2794 acta
1498 2734 1663 2794 illius
1707 2735 1979 2815 Capuam
2027 2736 2238 2794 iterum
2285 2732 2521 2794 colonia
2564 2732 2818 2793 deducta

464 2827 559 2877 est
601 2817 862 2894 (Ciceroz
910 2819 1158 2900 Philipp
1195 2820 1262 2879 II
1292 2821 1416 2898 40).
1507 2823 1692 2880 Anno
1740 2822 1819 2880 36
1868 2821 2082 2881 deinde
2114 2820 2514 2898 Octavianum
2548 2818 2818 2879 coloniae

460 2903 953 2983 supplementum
1020 2905 1311 2965 adiecisse
1371 2915 1428 2965 et
1493 2905 1728 2965 relictos
1796 2926 1970 2984 agros
2032 2905 2197 2965 illius
2256 2906 2593 2983 assignasse
2640 2913 2818 2982 atque

461 2988 746 3049 -divisisse
793 2989 1066 3050 Velleius
1112 2990 1200 3066 (II
1245 2992 1347 3069 81)
1395 2999 1453 3050 et
1496 2990 1743 3051 Cassius
1789 2992 1911 3051 Dio
1958 2994 2189 3067 (49‚14)
2240 3011 2291 3051 a.
2340 3010 2390 3050 a.
2438 2992 2518 3050 36
2565 2998 2818 3048 narrant

473 3082 658 3153 atque
702 3075 889 3134 Plinii
947 3075 1129 3138 verba
1176 3076 1301 3146 (III
1348 3080 1453 3150 63)
1510 3076 1570 3135 id
1630 3076 1987 3137 confirmant
2001 3098 2015 3148 ;
2074 3096 2192 3156 quo
2237 3084 2500 3155 tempore
2544 3074 2819 3135 coloniae

460 3179 797 3237 cognomen
846 3162 1205 3239 „Augusta“
1247 3162 1585 3241 impositum
1634 3164 1726 3235 sit,
1771 3162 2001 3241 ignom.
2089 3163 2263 3223 Certe
2308 3162 2622 3239 Augustus
2668 3158 2821 3220 colo·

469 3245 638 3304 niam
684 3247 869 3319 auxit,
914 3266 1050 3306 cum
1099 3247 1291 3306 solum
1324 3248 1677 3325 „Augusta“
1707 3268 2059 3326 cognomen,
2103 3247 2266 3326 quod
2297 3247 2593 3307 Hadriani
2626 3253 2820 3305 aetate

473 3339 704 3409 praeter
746 3331 856 3391 illa
901 3334 1282 3410 cognomina,
1327 3353 1363 3392 a
1407 3332 1664 3393 Caesare
1706 3333 2001 3413 imposita,
2061 3334 2123 3392 in
2168 3332 2344 3393 titulo
2390 3333 2572 3392 citato
2618 3351 2819 3391 occur-

465 3415 564 3487 rit,
629 3437 754 3476 non
819 3418 930 3476 nisi
996 3418 1070 3477 ad
1119 3419 1459 3497 Augustum
1527 3419 1816 3498 pertinere
1869 3420 2070 3498 possit.
2159 3418 2351 3478 Haud
2404 3417 2525 3477 scio
2571 3438 2651 3476 an
2696 3436 2817 3476 non

464 3501 823 3579 „Augusta“
868 3523 1204 3581 cognomen
1250 3502 1327 3563 ab
1371 3503 1731 3583 imperatore
1775 3504 2035 3577 Nerone,
2079 3525 2258 3582 quem
2321 3524 2485 3563 anno
2532 3505 2609 3563 57
2667 3510 2821 3563 vete-

474 3605 658 3646 ranos
703 3587 972 3666 Capuam
1022 3589 1341 3649 deduxisse
1384 3588 1629 3649 Tacitus
1676 3591 1905 3666 (annal.
1951 3589 2119 3649 XIII
2166 3591 2270 3669 31)
2316 3588 2510 3660 refert,
2575 3587 2822 3667 Capuae

464 3671 548 3729 sit
578 3672 939 3751 impositum.
989 3674 1134 3735 Sine
1163 3674 1344 3733 dubio
1368 3673 1696 3752 „Valeria“
1727 3683 1785 3735 et
1812 3673 2225 3748 „Concordia“
2254 3674 2632 3753 cognomina,
2664 3694 2821 3752 quae

474 3757 537 3813 in
600 3757 776 3816 titulo
839 3758 1025 3819 allato
1085 3770 1414 3832 occurrunt,
1478 3761 1554 3820 ad
1599 3760 2047 3821 Diocletianum
2095 3769 2387 3841 spectant,
2448 3780 2622 3839 quem
2670 3759 2822 3819 colo-

472 3842 637 3901 niam
706 3842 989 3904 beneficio
1035 3847 1274 3906 auxisse
1332 3855 1389 3905 et
1449 3866 1521 3905 ea
1566 3846 1639 3906 de
1692 3867 1877 3907 causa
1922 3847 2286 3924 cognomina
2329 3844 2718 3924 „Valeriam“
2764 3854 2822 3903 et

467 3926 947 3998 ,‚Concordiam“
978 3931 1264 3991 adiecisse
1306 3930 1619 4010 probabile
1662 3940 1768 3992 est.
1826 3932 2028 3992 Primo
2073 3940 2132 3991 et
2162 3932 2346 3992 altero
2391 3930 2643 3991 saeculis
2687 3950 2819 4008 cog-

476 4013 724 4073 nomina
768 4014 977 4086 „Julia
1022 4016 1234 4076 Felix“
1277 4018 1421 4077 satis
1467 4017 1688 4076 usitata
1731 4017 1914 4077 fuisse
1951 4017 2244 4090 videntur,
2290 4018 2513 4097 quippe
2558 4036 2713 4094 quae
2758 4016 2817 4074 in

469 4096 848 4160 coloniarum
895 4100 1050 4160 libro
1097 4112 1425 4162 occurrant.

619 4340 657 4403 ¹)
697 4339 796 4390 Th.
836 4340 1154 4391 Mommsen:
1194 4341 1416 4391 Hermes
1452 4340 1654 4391 XVIII
1696 4358 1745 4406 p.
1790 4339 1901 4392 181.
