3414 5193
1417 416 1841 474 —35—

451 612 646 670 neque
690 591 848 651 enim
897 589 1089 650 ullum
1136 590 1551 668 imperatorem
1616 588 1812 668 quarti
1860 587 1957 647 vel
2009 587 2205 666 quinti
2272 586 2523 660 saeculi,
2583 587 2802 667 quibus

451 676 890 757 Augustopolis
936 675 1128 756 primo
1172 674 1440 746 occurrit,
1485 672 1705 753 oppido
1753 673 1940 732 cuivis
1986 693 2205 732 nomen
2259 672 2803 752 ,‚Augustopolim“

452 763 802 842 imposuisse
845 759 1158 841 probabile
1187 768 1289 831 est,
1333 767 1401 818 ut
1428 758 1646 819 docent
1680 759 1926 818 nomina
1955 758 2468 838 „Arcadiopolis“,
2502 758 2804 832 „Zenono-

451 847 657 927 polis“,
702 844 1285 926 ‚,Theodosiopolis“,
1348 843 1496 916 alia;
1561 842 1814 917 accedit,
1874 843 2034 922 quod
2097 843 2443 923 Augustum
2502 844 2803 923 Phrygiae

453 933 675 1013 oppido
744 931 983 992 cuidam
1060 951 1279 991 nomen
1344 929 1886 1008 ,‚Augustopolim“
1958 928 2192 997 dedisse
2264 930 2542 991 vidimus,
2656 930 2803 990 Sine

452 1018 637 1079 dubio
702 1018 991 1099 oppidum
1052 1016 1260 1097 priscis
1323 1015 1556 1095 imperii
1618 1013 1987 1094 temporibus
2049 1016 2248 1094 exigui
2313 1016 2594 1076 momenti
2642 1024 2803 1086 erat3

452 1105 659 1184 quinto
705 1123 843 1165 vero
899 1103 1133 1163 saeculo
1185 1100 1352 1162 sedes
1405 1100 1763 1180 episcopalis
1824 1109 1975 1172 erat,
2038 1100 2199 1163 unde
2254 1100 2611 1162 concludere
2665 1100 2805 1160 licet

450 1192 635 1269 paulo
681 1190 873 1268 magis
919 1209 1101 1268 quam
1147 1198 1325 1247 antea
1368 1186 1653 1266 oppidum
1699 1185 1983 1246 floruisse.

660 1379 764 1440 91.
839 1375 1179 1439 Livias
1229 1375 1605 1459 (Julias)
1656 1404 1735 1433 =
1785 1374 2581 1461 Betharamphta.

577 1517 1168 1598 „Betharamphtha“
1229 1537 1330 1576 seu
1382 1516 1717 1589 ‚,Bethara“
1769 1517 2080 1597 oppidum,
2140 1517 2217 1578 ab
2263 1518 2535 1579 Jordane
2580 1518 2640 1575 in
2691 1518 2806 1576 ori·

452 1615 645 1665 entem
691 1624 927 1676 versuS,
984 1623 1170 1683 prope
1224 1603 1706 1682 septemtrionale
1759 1603 1901 1662 litus
1959 1603 2127 1663 lacus
2183 1603 2566 1684 Asphaltidis
2621 1604 2804 1663 situm

452 1702 594 1751 erat.
685 1690 831 1766 Quo
877 1689 951 1749 de
995 1688 1214 1769 oppido
1266 1689 1520 1767 legimus
1577 1688 1737 1767 apud
1796 1688 2130 1768 Josephum
2190 1699 2334 1757 (ant.
2380 1688 2611 1749 XVIII
2661 1690 2806 1761 27);

449 1787 891 1857 ,Βηθαραμφθᾶ
947 1782 1005 1834 δὲ
1057 1786 1225 1851 τεῐχει
1275 1781 1581 1854 περιβαλών
1633 1774 1782 1853 (scil.
1844 1774 2117 1835 Herodes
2179 1777 2463 1855 Antipas)
2518 1780 2801 1835 Ἰουλιάδα

451 1871 555 1922 ἀπὸ
602 1876 698 1922 τοῦ
741 1868 1133 1942 αὐτοκράτορσι)
1181 1875 1272 1932 τῆο
1329 1867 1587 1935 γυναικόο
1652 1866 1966 1937 ώνι’μαοεν“
2020 1870 2198 1940 atque
2258 1860 2421 1940 apud
2469 1861 2800 1921 Eusebium

452 1947 694 2026 (Onom.
739 1969 793 2027 p.
843 1948 1017 2026 234):
1092 1955 1487 2026 ,,Βηθραμφθιὲ
1527 1994 1763 2014 ......
1802 1955 1932 2017 αὕτὴ
1988 1956 2046 2007 δέ
2100 1955 2237 2007 ἒοτιν
2297 1951 2465 2018 ἧνῦν
2501 1958 2806 2022 καλουμένη

453 2041 674 2111 Aap011'02‘
694 2042 870 2112 atque
914 2034 975 2091 in
1024 2032 1305 2094 chronico
1347 2034 1596 2093 Eusebii
1642 2035 1897 2112 (Schone
1942 2038 2005 2093 II
2051 2055 2104 2114 p.
2145 2036 2290 2112 148)
2331 2033 2408 2092 ad
2457 2053 2685 2093 annum
2725 2036 2800 2093 27

451 2141 504 2201 p.
549 2119 687 2181 Chr.
733 2139 817 2179 n.:
906 2118 1215 2191 „Herodes
1268 2119 1645 2180 Tiberiadem
1702 2120 1972 2180 condidit
2028 2129 2084 2180 et
2146 2119 2519 2192 Liviadem“,
2584 2118 2806 2199 deinde

453 2206 613 2286 apud
684 2206 1125 2280 Hieronymum
1193 2204 1527 2280 (Onomast.
1583 2227 1636 2285 p.
1689 2209 1860 2282 103):
1948 2205 2379 2279 „Bethramtha
2427 2252 2678 2266 .....
2728 2203 2805 2263 ab

451 2292 696 2352 Herode
741 2292 803 2349 in
870 2290 1154 2349 honorem
1221 2292 1482 2369 Augusti
1547 2292 1756 2352 Livias
1817 2293 2294 2371 cognominata“,
2354 2291 2591 2350 demum
2642 2288 2805 2369 apud

452 2377 801 2454 Syncellum
875 2375 986 2450 (ed.
1060 2375 1330 2435 Dindorf
1390 2377 1422 2435 I
1483 2398 1540 2457 p.
1606 2379 1752 2455 905)
1815 2378 1891 2437 ad
1959 2399 2189 2437 annum
2254 2379 2330 2438 27
2390 2396 2449 2455 p.
2511 2376 2648 2437 Chr.
2714 2396 2804 2433 n.:

452 2468 731 2542 ,,Ἧρώύἠο
766 2470 932 2521 {unes
993 2470 1285 2541 Τιβεριάδα
1323 2473 1398 2523 elo
1435 2471 1608 2540 ὄνομα
1652 2476 1899 2544 Τιβερίου
1947 2476 2221 2544 Καῖσαροο
2258 2470 2285 2525 ὅ
2321 2472 2483 2524 morde
2524 2469 2805 2537 Aossuwa‘st

451 2548 727 2622 „Juliaff‘
776 2567 995 2608 nomen
1041 2549 1329 2628 reperitur
1374 2550 1534 2629 apud
1590 2548 1785 2610 solum
1847 2550 2181 2631 Josephum
2229 2551 2376 2629 (ant.
2424 2547 2658 2611 XVIII
2709 2551 2803 2622 27,

452 2635 584 2695 bell.
640 2634 785 2696 Jud.
840 2633 936 2692 IV
988 2636 1111 2706 7,6,
1176 2646 1295 2696 ant.
1350 2635 1510 2695 XIV
1566 2637 1715 2709 2,4);
1764 2637 2006 2697 Baedae
2072 2639 2157 2712 (in
2220 2638 2343 2698 itin.
2397 2636 2684 2696 Hierosol.
2744 2656 2804 2714 p,

454 2723 695 2794 314‚17,
728 2721 951 2799 Geyer)
998 2719 1162 2779 locus
1209 2724 1386 2793 enim,
1433 2722 1535 2781 ubi
1568 2721 1855 2801 oppidum
1889 2723 2168 2795 „Julias“
2216 2723 2401 2794 audit,
2447 2723 2669 2800 quippe
2701 2723 2804 2799 qui

451 2827 524 2866 ex
569 2807 919 2886 Hegesippo
969 2806 1047 2884 (p.
1098 2807 1347 2881 249,29)
1395 2816 1671 2886 sumptus
1717 2809 1808 2880 sit,
1857 2829 1893 2867 a
1923 2809 2190 2887 Josepho
2238 2808 2469 2888 pendet.
2519 2807 2806 2885 ‚,Livias“

451 2908 666 2952 nomen
725 2890 1026 2967 (Liviada,
1072 2891 1341 2952 Leviada
1390 2902 1620 2969 Λιβυοέσ)
1660 2904 1858 2954 autem
1905 2896 2193 2972 reperit-ur
2237 2895 2400 2973 apud
2445 2892 2805 2953 Strabonem

452 2982 529 3056 (p.
565 2980 703 3049 763,
735 2977 889 3037 false
928 2984 1204 3046 ,,Λυσιᾱο“
1242 2998 1350 3056 pro
1388 2988 1653 3052 „Amaia-⁶
1689 2981 1754 3038 in
1780 2979 2093 3039 nonnullis
2139 2980 2485 3056 codicibus),
2532 2977 2804 3038 Plinium
2909 3038 2913 3041 ,

454 3063 560 3141 (Η.
583 3063 662 3122 N.
687 3063 851 3122 XIII
876 3065 999 3141 44),
1024 3062 1434 3124 Ptolemaeum
1468 3067 1552 3142 (V
1585 3068 1762 3143 16‚9),
1792 3065 2120 3124 Eusebium
2148 3066 2208 3136 (l.
2235 3069 2324 3138 c.),
2358 3064 2803 3142 Hieronymum

454 3148 628 3226 (l.c.),
674 3149 1007 3209 Hieroclem
1042 3151 1236 3222 (718),
1283 3150 1611 3230 Georgium
1659 3151 1951 3231 Cyprium
1998 3153 2226 3228 (1018),
2272 3149 2674 3210 Theodosium
2709 3149 2807 3226 (de

453 3235 570 3294 situ
601 3242 792 3295 terrae
821 3245 1082 3306 sanctae,
1132 3237 1166 3309 ξ
1213 3241 1290 3297 65
1323 3235 1788 3311 Gildemeister),
1835 3237 2252 3296 Ravennatem
2289 3237 2378 3309 (II
2415 3239 2537 3305 14),
2582 3234 2805 3312 Grego-

450 3321 604 3378 rium
629 3320 1038 3379 Turonensem
1069 3320 1166 3393 (de
1189 3321 1332 3401 glor.
1361 3332 1601 3401 martyr.
1620 3324 1651 3382 I
1678 3325 1794 3403 18),
1821 3323 1879 3380 in
1908 3322 2219 3382 itineribus
2244 3320 2806 3397 Hierosolymitanis

452 3408 532 3485 (p.
583 3408 782 3478 51‚52,
832 3408 929 3477 54,
981 3409 1099 3465 145
1148 3408 1390 3486 Geyer),
1439 3410 1502 3467 in
1550 3409 1698 3469 actis
1746 3408 2136 3469 conciliorum
2182 3409 2294 3484 (Le
2339 3408 2561 3484 Quien,
2609 3407 2806 3466 oriens

453 3490 650 3552 christ.
667 3491 832 3571 IHp.
857 3494 1019 3569 655),
1048 3495 1110 3551 in
1132 3494 1350 3555 notitia
1373 3495 1825 3574 episcopatuum
1848 3493 1934 3569 (V
1950 3496 2071 3566 99).
2093 3493 2334 3570 Quibus
2355 3514 2430 3553 ex
2453 3493 2806 3553 testimoniis

453 3575 736 3656 oppidum
803 3577 879 3637 ab
941 3578 1181 3639 Herode
1245 3581 1569 3659 Antipatro
1633 3581 1910 3659 primitus
1973 3579 2366 3652 „Liviadem“
2430 3578 2806 3659 appellatum

453 3681 578 3722 esse
623 3670 799 3740 atque
842 3683 916 3722 ex
960 3663 1065 3723 illo
1111 3673 1374 3746 ternpore
1408 3686 1595 3744 usque
1641 3666 1717 3725 ad
1754 3664 2028 3737 mediam,
2076 3686 2228 3743 quae
2259 3665 2494 3742 dicitur,
2531 3673 2805 3737 aetatem,

453 3766 685 3827 semper
727 3749 812 3807 ita
858 3748 1162 3809 audivisse
1208 3761 1471 3832 apparet.
1562 3751 1744 3827 Quod
1803 3751 2105 3830 <Iosephus
2161 3750 2220 3829 (l.
2267 3761 2337 3815 e.)
2405 3750 2694 3830 oppidum
2742 3750 2805 3808 in

451 3832 733 3892 honorem
780 3834 1172 3911 imperatricis
1201 3837 1282 3909 „J
1286 3836 1589 3896 uliadem“
1618 3857 1745 3896 esse
1776 3837 2155 3896 nominatum
2194 3845 2415 3908 narrat,
2448 3836 2552 3896 ille
2583 3856 2806 3895 nomen

451 3918 756 3997 publicum
813 3920 1013 3999 affert,
1073 3922 1233 3998 quod
1280 3922 1499 4002 oppido
1556 3943 1715 3981 anno
1768 3924 1844 3980 14
1890 3942 1945 4001 p.
1993 3921 2128 3982 Chr.
2175 3942 2251 3994 n.,
2316 3943 2391 3982 ex
2436 3941 2553 4000 quo
2600 3922 2803 4000 Livia,

451 4003 514 4061 in
558 4013 789 4082 gentem
838 4005 1065 4067 Juliam
1113 4018 1366 4087 recepta,
1415 4007 1592 4067 modo
1637 4007 1885 4079 ‚,Julia“
1928 4007 2261 4067 vocabatur
2304 4007 2601 4083 (Tacitus,
2664 4027 2805 4066 ann.

451 4088 484 4147 I
538 4091 627 4163 14,
677 4091 737 4150 V
793 4094 848 4161 1;
898 4090 1141 4151 Sueton.
1174 4093 1365 4171 Calig.
1401 4114 1447 4153 c.
1487 4098 1587 4165 16;
1634 4093 1939 4173 Josephus
1971 4094 2008 4152 l.
2043 4114 2106 4164 c„
2154 4093 2400 4153 Cassius
2435 4094 2553 4153 Dio
2587 4094 2805 4165 56,46;

451 4173 688 4235 Plinius
733 4197 792 4235 n.
838 4177 893 4235 h.
931 4172 986 4238 X
1043 4179 1207 4255 154),
1255 4179 1593 4259 impositum
1642 4188 1759 4252 est;
1805 4178 1959 4238 illud
1993 4199 2208 4238 nomen
2258 4178 2563 4258 publicum
2608 4187 2807 4238 autem

449 4262 742 4321 vetustius
806 4281 1030 4323 nomen
1096 4261 1488 4335 „Liviade1n“
1554 4265 1868 4325 demovere
1933 4285 2058 4325 non
2123 4264 2329 4325 valuit.
2438 4264 2684 4324 Eusebii
2752 4274 2809 4323 et
