3414 5193
1599 517 1679 524 --
1777 483 1894 540 146
1989 516 2056 526 -

673 757 1350 836 Licinius
1423 755 2155 846 Egnatiue
2233 754 3013 830 &anienuae

1609 901 1775 979 260
1799 900 2093 976 --268.

939 1055 1010 1111 Α.
1053 1053 1377 1121 Coloniae,
1422 1067 1585 1123 quae
1624 1067 1704 1110 ex
1746 1052 2031 1109 Gallieno
2071 1051 2569 1122 cognominatae
2608 1053 2776 1107 sunt.

1695 1218 2001 1290 italia.

721 1367 865 1430 165.
937 1364 1280 1428 Verona
1330 1392 1403 1420 =
1459 1364 1611 1426 col.
1664 1362 2041 1444 Augusta
2115 1360 2351 1426 Nova
2416 1361 2970 1426 Gallieniana.

799 1497 1076 1571 Verona,
1142 1498 1220 1557 ad
1300 1497 1573 1557 Athesim
1641 1497 1868 1556 flumen
1933 1498 2073 1570 sita,
2138 1496 2300 1575 apud
2362 1495 2626 1555 Plinium
2693 1496 2816 1573 (111
2874 1497 3018 1574 132)

674 1585 1097 1661 municipium,
1161 1583 1322 1662 apud
1384 1583 1658 1642 Tacitum
1726 1583 1879 1658 (hist.
1927 1582 2029 1641 III
2076 1584 2136 1658 8)
2183 1603 2234 1642 a.
2282 1603 2334 1641 a.
2383 1583 2459 1641 69
2526 1591 2722 1641 autem
2786 1582 3019 1642 colonia

673 1671 905 1731 dicitur.
996 1671 1070 1729 In
1117 1669 1309 1728 titulis
1357 1668 1604 1728 Verona
1646 1668 1840 1747 primo
1887 1688 2049 1727 anno
2097 1670 2218 1729 265
2264 1668 2504 1727 colonia
2546 1677 2793 1727 vocatur
2835 1667 2921 1743 (C.
2969 1667 3018 1727 Ι.

673 1757 744 1816 L.
793 1756 852 1813 V
901 1756 1107 1833 3229),
1152 1754 1258 1814 ubi
1304 1755 1620 1829 reperitur:
1666 1753 1818 1826 ‚,col.
1863 1754 2147 1830 Augusta
2190 1753 2371 1813 Nova
2423 1751 2867 1814 Gallieniana.“
2953 1752 3019 1814 Si

672 1843 1027 1920 „Augusta“
1070 1861 1400 1919 cognomen
1450 1840 1526 1900 ad
1572 1840 1837 1917 Augusti
1891 1839 2303 1899 deductionem
2368 1839 2709 1913 pertineret,
2752 1838 3020 1898 Plinium

671 1927 961 2006 oppidum
1008 1925 1197 1986 fuisse
1240 1926 1540 1985 dicturum
1587 1925 1960 1997 „coloniam“
2002 1935 2165 2004 puto,
2253 1924 2405 1985 Cum
2440 1934 2640 1984 autem
2670 1925 3021 2001 „Augusta“

672 2012 866 2073 solum
913 2032 1245 2091 cognomen
1292 2032 1415 2071 non
1460 2012 1578 2070 nisi
1625 2011 1700 2070 ab
1732 2011 2026 2089 Augusto,
2073 2010 2146 2070 de
2190 2030 2307 2089 quo
2336 2009 2435 2069 hic
2478 2010 2860 2089 cogitandum
2894 2028 3017 2070 non

672 2108 774 2171 est,
819 2099 1006 2173 possit
1048 2097 1389 2177 impositum
1435 2117 1560 2156 esse
1605 2106 1792 2175 atque
1837 2117 1969 2156 cum
2004 2095 2324 2157 Gallienus
2370 2096 2607 2170 saepius
2636 2097 3020 2174 „Augustae“

673 2204 1001 2262 cognomen
1044 2204 1171 2243 una
1216 2204 1352 2243 cum
1399 2182 1711 2254 „Liciniae
1766 2181 2308 2242 Gallienianaeve“
2361 2181 2614 2241 coloniis
2659 2182 3019 2260 imposuerit,

674 2270 921 2329 Verona
968 2290 1003 2329 a
1049 2268 1334 2329 Gallieno
1380 2267 1653 2328 coloniae
1694 2269 1790 2325 ius
1836 2268 2130 2345 accepisse
2173 2268 2411 2327 videtur
2454 2288 2580 2326 una
2624 2287 2760 2326 cum
2806 2286 3020 2345 cogno-

672 2354 940 2414 minibus
987 2355 1338 2432 „Augustae
1381 2354 1598 2413 Novae
1642 2352 2120 2413 Gallienianae.“
2208 2353 2453 2413 Tacitus
2485 2353 2666 2430 igitur
2695 2352 2808 2412 hac
2851 2352 2910 2410 in
2958 2372 3021 2410 re

673 2442 913 2512 erravit,
976 2441 1118 2499 item
1184 2448 1362 2517 atque
1424 2438 1498 2498 de
1560 2441 1841 2515 Augusta
1902 2438 2289 2498 Vindelicum
2356 2446 2424 2498 ut
2496 2458 2675 2515 supra
2740 2437 3020 2498 vidimuS.
3052 2477 3073 2494 .

673 2526 920 2585 Verona
965 2545 1125 2584 anno
1173 2526 1313 2598 265,
1359 2522 1456 2585 vel
1499 2525 1683 2604 paulo
1731 2532 1882 2595 ante,
1929 2524 2198 2584 coloniae
2243 2525 2335 2583 ius
2383 2524 2624 2603 accepit.

1664 2811 2028 2881 nsi-ica.

683 2954 823 3018 166.
875 2953 1607 3040 Thugga-2001.
1657 2951 2057 3016 Licinia
2104 2951 2594 3040 Septimia
2637 2952 3019 3016 Aurelia

1009 3059 1772 3123 Alexandriana
1821 3057 2237 3146 Thugga
2284 3059 2685 3123 Devota.

802 3200 1077 3281 Thugga,
1145 3222 1302 3280 quae
1369 3200 1446 3261 ab
1512 3201 1925 3261 Ammaedara
1999 3202 2060 3259 in
2126 3203 2413 3262 orientem
2480 3202 2788 3280 vergebat,
2857 3201 3019 3280 apud

675 3287 1120 3365 chorographos
1186 3286 1310 3347 fere
1377 3307 1609 3366 semper
1673 3286 1962 3359 ‚,Tucca“‚
2041 3288 2103 3345 in
2172 3287 2360 3347 titulis
2425 3296 2621 3347 autem
2688 3287 3019 3366 „Thugga“

676 3373 861 3432 audit.
949 3371 1257 3453 Oppidum
1303 3373 1464 3432 intra
1509 3392 1701 3433 annos
1736 3373 2070 3431 209—217
2118 3373 2514 3451 municipium
2560 3373 2785 3433 factum
2831 3382 2920 3432 est
2961 3382 3021 3433 et

673 3459 737 3517 in
780 3458 1065 3518 honorem
1122 3457 1396 3536 Septimii
1448 3458 1676 3537 filiique
1720 3457 1984 3535 collegae
2027 3459 2406 3518 nominatum
2452 3468 2564 3518 est:
2626 3458 3021 3537 „Septimium

676 3544 994 3603 Aurelium
1059 3543 1398 3603 Devotum“
1467 3544 1557 3619 (C.
1616 3546 1663 3604 Ι.
1724 3543 1794 3603 L.
1862 3544 2025 3603 VIII
2094 3546 2281 3618 1484,
2354 3547 2573 3619 1500);
2649 3543 2829 3619 paulo
2890 3553 3024 3619 post

675 3628 1032 3689 Alexander
1061 3629 1329 3701 Severus,
1376 3630 1477 3707 qui
1523 3628 1815 3708 oppidum
1861 3628 2116 3689 fortasse
2160 3629 2475 3708 privilegio
2521 3631 2691 3689 auxit
2718 3629 3022 3702 „Alexan-

676 3714 961 3774 drianae“
1005 3734 1338 3792 cognomen
1385 3715 1614 3775 adiecit.
1705 3714 2021 3775 Gallienus
2069 3725 2266 3775 autem
2315 3735 2476 3775 anno
2525 3717 2643 3774 261
2693 3716 3021 3794 municipio

677 3800 771 3859 ius
817 3799 1085 3859 coloniae
1127 3808 1185 3859 et
1228 3820 1560 3879 cognomen
1604 3800 1946 3872 „Liciniae“
1989 3800 2167 3872 dedit,
2214 3800 2371 3879 quod
2418 3802 2479 3860 in
2528 3800 2806 3860 sollemni
2851 3800 3020 3860 titulo

679 3885 947 3945 coloniae
990 3885 1182 3960 primo
1227 3885 1357 3946 loco
1406 3887 1671 3969 occurrit.
1761 3885 1847 3962 (C.
1880 3885 1928 3946 Ι.
1963 3886 2034 3947 L.
2067 3886 2233 3946 V111
2270 3889 2460 3959 14873
2505 3908 2559 3962 p.
2595 3889 2756 3962 173).
2832 3885 3021 3946 Pleno

677 3972 917 4031 nomine
990 3971 1172 4049 igitur
1243 3972 1530 4051 oppidum
1605 3993 1681 4031 ex
1755 3991 1912 4030 anno
1985 3973 2103 4034 261
2182 3972 2493 4032 audiebat:
2566 3970 2711 4044 „coL
2788 3969 3024 4032 Licinia

678 4056 971 4135 Septimia
1025 4056 1275 4116 Aurelia
1329 4057 1795 4117 Alexandriana
1846 4057 2103 4136 Thugga
2155 4058 2444 4130 Devota“,
2506 4057 2724 4136 quibus
2770 4077 2846 4117 ex
2890 4077 3021 4134 cog-

677 4142 1026 4202 nominibus
1105 4141 1470 4202 Diocletiani
1545 4151 1739 4202 aetate
1807 4141 2000 4201 solum
2076 4144 2381 4216 ,‚Devota“
2452 4162 2780 4224 cognomen
2853 4163 3023 4202 usur-

679 4228 941 4307 pabatur
983 4226 1070 4305 (O.
1117 4228 1166 4290 Ι.
1212 4228 1285 4288 L.
1331 4228 1496 4289 VIII
1545 4230 1804 4306 15516).
